2360 2942
1150 496 1191 527 {Y

892 779 1350 829 PRAEFATIO.

56 1040 142 1089 Post
161 1057 359 1098 Seyui'erum,
385 1055 571 1090 Limnaeum,
598 1053 775 1091 Hallerum,
800 1055 885 1086 viros
911 1055 1215 1098 praestantissimos,
1245 1055 1298 1097 qui
1318 1054 1448 1085 saeculo
1468 1054 1641 1096 praeterito
1668 1053 1764 1086 libros
1792 1054 1830 1085 de
1856 1053 2015 1085 literatura
2040 1053 2187 1086 botanica

56 1116 260 1160 gravissimos
279 1114 460 1151 ediderunt,
480 1123 572 1150 unus,
593 1114 648 1156 qui
666 1119 851 1156 postremus
870 1116 899 1147 in
919 1115 980 1147 hac
997 1125 1031 1146 re
1052 1125 1187 1157 operam
1206 1114 1329 1157 posuit,
1349 1113 1561 1145 nominandus
1581 1118 1630 1145 est
1647 1113 1861 1146 Bibliothecae
1880 1113 2076 1146 Banksianae
2097 1119 2188 1146 autor

57 1180 185 1208 aeterna
200 1174 354 1206 memoria
369 1173 481 1216 dignus
496 1175 592 1205 Jonas
606 1174 781 1215 Dryander.
812 1174 908 1217 Cujus
926 1175 982 1207 viri
997 1185 1079 1217 opus
1099 1175 1243 1218 quamvis
1263 1174 1342 1205 inter
1360 1173 1502 1216 reliquos
1522 1172 1562 1205 de
1581 1173 1742 1205 literatura
1756 1173 1903 1206 botanica
1922 1173 2020 1205 libros
2040 1173 2186 1205 omnibus

55 1235 154 1268 rebus
174 1245 271 1278 quam
290 1234 424 1265 maxime
445 1233 590 1271 excellat,
614 1239 721 1265 tamen
740 1239 804 1265 tam
823 1245 897 1267 raro
918 1235 1085 1271 invenitur,
1111 1239 1145 1265 ut
1162 1234 1213 1266 vel
1232 1222 1432 1276 publicarum
1452 1232 1716 1265 bibliothecarum
1734 1233 1883 1265 subsidiis
1901 1233 1951 1264 vix
1970 1234 2159 1276 acquiratur.

158 1295 270 1337 Neque
296 1294 350 1337 qui
376 1293 674 1336 componendorum
698 1298 763 1325 tam
788 1294 850 1326 late
870 1295 1045 1338 patentium
1064 1292 1217 1325 librorum
1237 1292 1437 1325 difficultates
1462 1293 1667 1335 reputaverit,
1695 1293 1779 1325 edita
1798 1292 1992 1324 Bibliotheca
2011 1292 2187 1325 Banksiana

56 1356 135 1387 intra
161 1354 388 1397 quinquaginta
420 1363 520 1385 annos
546 1352 667 1384 nullum
695 1351 951 1397 (monographiis
976 1351 1182 1395 quibusdam,
1219 1358 1253 1385 ut
1279 1353 1492 1385 Wilcstroemz'z‘
1524 1352 1563 1384 de
1588 1353 1738 1391 sueciae,
1774 1353 1939 1384 Adamslciz'
1963 1352 2004 1384 de
2027 1352 2185 1388 Poloniae,

59 1414 202 1447 Haberlt'i?
226 1413 266 1445 de
285 1413 480 1456 Hungariae,
507 1413 698 1455 Sternberyz'i
720 1413 759 1445 de
779 1413 965 1449 Bohemiae,
999 1413 1201 1445 Trautvetlerz'
1224 1412 1264 1444 de
1284 1414 1416 1445 Russiae
1435 1413 1594 1444 literatura
1614 1411 1761 1444 botanica
1785 1412 2008 1444 disserentium
2029 1410 2186 1456 exceptis)

57 1474 171 1506 librum
190 1473 311 1505 editum
330 1483 402 1505 esse
422 1471 596 1509 mirabitur,
623 1473 652 1503 in
672 1483 736 1515 quo
755 1472 935 1504 literaturae
953 1470 1122 1504 botanicae
1140 1472 1284 1515 ingentes
1305 1473 1417 1515 copiae
1437 1471 1570 1503 collatae
1589 1471 1733 1514 legantur
1752 1476 1848 1514 atque
1868 1471 2052 1514 dispositae.

159 1533 197 1564 At
215 1543 314 1575 quum
332 1532 427 1573 hujus
445 1531 624 1563 literaturae
650 1531 679 1562 in
699 1531 767 1563 dies
788 1532 959 1564 crescentis
979 1536 1160 1563 accuratam
1180 1533 1392 1575 cognitionem
1423 1530 1570 1564 omnibus
1591 1532 1644 1574 qui
1663 1531 1803 1563 studium
1823 1536 1855 1563 et
1873 1541 2005 1574 operam
2030 1532 2059 1563 in
2078 1531 2184 1563 herbis

57 1592 289 1636 cognoscendis
310 1591 515 1628 collocarent,
543 1601 615 1622 esse
636 1590 848 1623 difficillimam
868 1591 1085 1634 intelligerem,
1112 1602 1219 1634 neque
1239 1592 1389 1634 equidem
1408 1592 1564 1623 nescirem
1584 1596 1739 1634 quantum
1763 1590 1858 1623 literis
1879 1591 2068 1623 detrimento
2089 1597 2182 1630 esset,

57 1653 82 1685 si
101 1652 225 1695 plurimi
252 1651 292 1683 de
318 1651 397 1688 aliis,
426 1651 480 1694 qui
499 1656 592 1682 antea
618 1650 658 1682 de
682 1650 794 1682 iisdem
812 1650 910 1682 rebus
930 1651 1172 1693 quaesiverunt,
1200 1650 1406 1693 scriptoribus
1426 1651 1529 1683 securi
1547 1661 1615 1682 rem
1641 1656 1675 1682 ut
1694 1651 1842 1682 intactam
1862 1650 1910 1682 vel
1930 1650 2010 1682 inviti
2029 1656 2182 1694 gererent,

51 1713 118 1755 jam
142 1717 213 1743 ante
237 1710 297 1743 hos
321 1710 434 1742 decem
453 1720 555 1742 annos
574 1710 757 1742 Dierbachil
779 1709 865 1743 beati
892 1710 1059 1753 colloquiis
1084 1710 1226 1742 incitatus
1250 1711 1344 1753 hujus
1363 1710 1432 1743 libri
1451 1710 1609 1743 scribendi
1630 1710 1699 1752 cepi
1720 1710 1892 1742 consilium.
1931 1710 2002 1748 Quo
2028 1711 2058 1741 in
2083 1721 2182 1753 opere

56 1771 87 1804 id
110 1771 245 1803 maxime
271 1769 345 1802 mihi
368 1769 529 1812 agendum
553 1780 626 1802 esse
647 1769 780 1807 credidi,
804 1775 838 1801 ut
857 1780 969 1802 omnes
988 1770 1167 1802 literaturae
1188 1770 1355 1803 botanicae
1381 1770 1484 1802 sontes
1504 1780 1566 1802 non
1587 1769 1690 1801 solnm
1711 1775 1775 1801 tam
1801 1774 1950 1802 accurate
1969 1780 2180 1804 recenserem

55 1836 89 1863 ut
108 1841 164 1863 eos
184 1829 317 1873 posthac
335 1830 491 1872 inspicere
506 1830 573 1872 jam
592 1828 665 1861 nulli
684 1839 819 1861 neccsse
840 1834 937 1866 esset,
958 1829 1016 1861 sed
1035 1830 1130 1862 etiam
1151 1835 1183 1861 ut
1202 1831 1320 1867 omnia,
1341 1840 1425 1873 quae
1445 1830 1474 1860 in
1493 1829 1655 1861 Thesauro
1677 1840 1749 1861 meo
1769 1829 1983 1867 traderentur,
2002 1829 2087 1861 libris
2106 1830 2181 1872 ipsis

55 1890 188 1932 evolutis
221 1891 288 1932 ipse
322 1889 555 1932 cognovissem.
610 1888 707 1927 Quod
730 1899 838 1921 meum
864 1889 1028 1921 consilium
1052 1890 1246 1933 reliquorum
1281 1889 1428 1932 periculis
1454 1894 1485 1921 et
1509 1889 1611 1931 majus
1644 1894 1675 1920 et
1700 1890 1879 1921 accuratius
1910 1890 2050 1933 undique
2084 1900 2180 1933 quam

54 1952 189 1982 maxime
208 1948 454 1992 comprobatum
469 1954 565 1991 atque
585 1948 726 1991 adjutum
747 1954 801 1982 est.

155 2009 345 2042 Perlustravi
363 2009 455 2051 igitur
474 2008 711 2040 accuratissime
731 2007 939 2041 bibliothecas
958 2008 1044 2040 libris
1062 2009 1216 2041 botanicis
1236 2008 1417 2051 praeclaras
1433 2008 1620 2040 Germaniae
1641 2014 1737 2051 atque
1755 2008 1882 2046 Galliae,
1902 2009 2015 2051 Regias
2035 2008 2178 2051 publicas

53 2070 307 2107 Berolinensem,
326 2068 557 2105 Dresdensem,
577 2068 801 2106 Parisiensem,
820 2068 1075 2107 Bruxellensem;
1096 2069 1242 2100 recensui
1261 2069 1462 2101 collectiones
1482 2069 1626 2112 egregias
1647 2069 1784 2100 virorum
1804 2068 2049 2101 clarissimorum
2067 2069 2179 2104 Linlcz'z',

55 2129 321 2165 Schlechtendalit',
349 2129 478 2165 Kunzii,
509 2128 680 2165 Candollez',
707 2129 856 2166 Jassz'eui,
885 2128 1076 2166 Deksserth,
1113 2128 1243 2166 Il'ebbz‘z‘,
1275 2128 1373 2171 Gayi,
1400 2128 1554 2166 Levezllei,
1580 2130 1765 2171 Montagyuei,
1798 2128 2004 2165 Grisebachii,
2030 2128 2176 2165 alioruing

55 2188 254 2231 splendidam
278 2188 429 2231 privatam
456 2189 688 2230 Imperatorum
714 2189 878 2220 Francisct'
901 2193 932 2220 et
957 2188 1151 2220 Ferdc'nanclt'
1180 2187 1423 2227 bibliothecam,
1455 2185 1626 2220 Palatinam
1651 2188 1932 2221 Vindobonensem
1964 2194 1995 2220 et
2026 2189 2177 2230 insignem

56 2248 157 2284 illam,
190 2258 274 2291 quae
305 2248 335 2280 in
360 2248 460 2279 Horto
485 2248 667 2279 Endlz'cheri
690 2253 721 2280 et
746 2248 884 2280 Fenzelz'c'
912 2249 1060 2291 auspiciis
1087 2253 1155 2279 orta
1186 2258 1270 2279 nunc
1302 2248 1367 2279 fere
1392 2248 1532 2279 omnium
1564 2248 1714 2279 ditissima
1739 2248 1827 2279 sacta
1853 2253 1921 2286 est3
1954 2247 2176 2279 bibliothecam

55 2308 144 2339 Horti
167 2307 243 2350 regii
267 2307 454 2339 Parisiensis
487 2306 609 2351 (Jardin
636 2307 693 2340 des
721 2305 859 2350 plantes)
890 2307 1064 2340 admodum
1090 2317 1282 2350 pauperem;
1315 2307 1453 2350 denique
1478 2307 1544 2339 illas
1569 2308 1806 2339 universitatum
1830 2308 1968 2350 Lipsiae,
2001 2307 2175 2350 Gottingae,

0 2389 7 2392 ⁴
54 2366 162 2399 Leodii
189 2371 220 2397 et
244 2377 327 2409 quae
352 2372 424 2398 sunt
448 2366 527 2399 aliae
552 2367 754 2399 clarissimae.
801 2367 924 2405 Quibus
950 2368 981 2399 in
1004 2366 1202 2399 bibliothecis
1228 2368 1294 2400 fere
1319 2378 1449 2410 semper
1477 2368 1728 2410 uniuscujusque
1751 2366 1819 2398 libri
1843 2367 1962 2398 titulum
1981 2377 2052 2398 cum
2078 2366 2175 2399 rebus

5 2449 9 2458 ι,
55 2426 193 2458 collectis
219 2427 415 2468 comparanti
438 2427 599 2470 paullatim
619 2426 830 2470 quadraginta
854 2427 936 2458 milia
961 2426 1112 2458 librorum
1133 2427 1288 2459 evolvisse
1309 2432 1340 2459 et
1362 2427 1537 2469 inspexisse
1558 2427 1692 2469 contigit.
1737 2426 1839 2469 Atque
1860 2431 1891 2457 ut
1910 2427 1963 2469 qui
1983 2436 2081 2469 opere
2100 2437 2174 2458 meo

53 2491 182 2518 utuntur
200 2486 254 2517 viri
275 2485 371 2522 docti,
396 2485 450 2517 ubi
475 2485 672 2517 inveniantur
695 2486 753 2529 ipsi
778 2485 859 2523 libri,
885 2486 1006 2518 facilius
1031 2492 1240 2529 cognoscant,
1266 2486 1349 2518 libris
1374 2497 1392 2518 a
1412 2497 1462 2518 me
1488 2487 1517 2517 in
1538 2486 1705 2518 Germania
1728 2487 1875 2528 inspectis
1899 2486 2085 2518 asteriscum
2104 2484 2121 2504 ᾖ
2145 2486 2175 2517 in

9 2534 12 2539 ⁴
54 2545 151 2578 Gallia
176 2551 230 2577 aut
249 2544 397 2576 Genevae
422 2546 554 2577 evolutis
578 2555 707 2578 crucem
726 2544 750 2587 †
776 2545 945 2587 adscripsi,
972 2545 1056 2577 libris
1082 2546 1218 2590 denique
1244 2546 1417 2578 rarioribus
1443 2556 1560 2578 nomen
1585 2546 1794 2578 bibliothecae
1821 2545 1850 2576 in
1874 2555 1938 2588 qua
1963 2550 2173 2584 asservantur,

10 2632 12 2635 .
54 2605 196 2636 distincte
220 2603 336 2636 addidi.
383 2603 505 2642 Quibus
528 2605 613 2637 libris
637 2605 757 2637 nullum
776 2604 936 2647 adjectum
964 2610 1013 2636 est
1038 2606 1163 2648 signum
1189 2604 1276 2649 (sunt
1296 2611 1402 2638 autem
1423 2605 1591 2649 perpauci)
1618 2606 1687 2637 illos
1712 2606 1780 2647 ipse
1806 2604 1962 2647 inspicere
1988 2616 2051 2637 non
2077 2605 2173 2648 potui,

53 2670 149 2708 atque
168 2664 216 2696 his
236 2664 367 2707 quidem
386 2668 459 2706 post
476 2664 544 2696 libri
564 2665 684 2696 titulum
705 2664 893 2707 plerumque
914 2664 1019 2696 addidi
1039 2665 1173 2705 literam,
1194 2677 1258 2709 qua
1277 2664 1419 2708 patefiat,
1445 2665 1528 2697 unde
1548 2665 1615 2696 libri
1635 2664 1772 2695 notitiam
1792 2670 1984 2696 consecutus
2003 2666 2071 2697 sim.
