2360 2942
131 96 447 129 MONOGRAPHIAE
466 95 703 129 PLANTARUM
722 95 1000 129 OFFICINALIUM

50 187 180 217 Paullinz',
205 185 475 220 Μοσχοκαρυογραφία
497 196 544 212 seu
564 188 642 212 Nucis
664 187 811 212 moschatae
833 188 933 212 curiosa
954 187 1099 219 descriptio.

120 223 251 247 Ersordiae
266 224 341 247 4704.
356 225 378 247 8.

52 263 187 293 Schinae,
202 264 239 288 De
253 265 323 288 Nuce
336 265 471 288 moschata.
492 263 595 294 Trajecti
609 261 685 293 asRh.
702 265 776 287 1709.
790 264 812 287 4.

58 304 203 334 Valentini,
218 305 255 329 De
267 306 354 329 Macis.
375 306 482 330 Giessae
497 306 571 328 4749.
588 305 609 327 4.

56 345 207 378 Tltzmberyr.
222 346 260 370 Dc
273 347 408 375 Myristica.
427 346 541 377 Upsaliae
556 347 631 369 4788.
647 346 669 368 4.

353 415 517 450 Myrooeylon
530 416 703 452 permiseram
718 416 746 442 L.
763 416 799 443 fil.

52 474 146 499 Perez.
162 474 199 498 De
213 475 336 498 Balsamo.
356 474 447 497 Sevilla
463 476 538 497 4530.
556 475 578 497 4.

52 513 208 545 Hoffmann,
222 515 259 538 De
272 515 385 538 Balsamo
398 515 542 545 peruviauo.
563 516 639 539 Halae
654 517 727 539 1703.
743 517 765 539 4.

52 554 196 581 Lehmann,
211 555 248 579 De
261 555 376 578 Balsamo
390 557 530 586 peruviano
544 557 622 587 nigro.
642 557 740 588 Lipsiae
756 559 764 580 4
774 559 830 580 707.
847 557 869 580 4.

53 595 167 626 Hadley,
181 596 219 620 De
232 596 346 620 Balsamo
360 597 509 627 peruviano.
529 598 644 627 Lugduni
658 598 807 622 Batavorum
822 599 895 621 4748.
912 598 934 620 4.

407 667 552 694 Nicotiana
572 668 706 695 Tabacum
722 668 750 695 L.

52 723 210 753 Monardes‚
225 724 263 748 De
277 725 390 755 Tabacoy
405 725 544 756 hispanice.
564 726 630 750 circa
643 734 735 750 annum
749 727 824 749 4570.

203 762 302 787 (gallice
311 779 316 789 ,
331 763 432 789 italice.)

51 792 176 827 (Goltm'i)
195 798 342 821 Instructiou
355 806 398 822 sur
410 798 507 822 l'herbe
520 799 609 822 Petum
623 803 646 822 et
660 806 703 822 sur
716 798 739 821 la
753 798 838 821 raeinc
852 797 1009 821 Mechiocan.
1034 796 1103 819 Paris

124 833 132 854 4
141 833 196 855 572.
214 834 252 856 42.

51 871 208 900 Everartus,
222 873 260 896 De
271 873 350 897 herba
358 874 481 897 panacea.
495 873 654 904 Antwerpiae
667 875 713 897 458
720 875 740 897 3.
754 875 832 897 42.—
844 873 967 904 Ultrajecti
982 873 1052 896 1644.
1063 874 1070 895 4
1079 873 1102 896 2.

53 912 173 942 Deacon„
187 914 303 938 Tobacco
318 915 435 938 tortured.
455 915 558 938 London
574 916 648 938 1616.
664 915 686 937 4.

52 953 168 978 lacobus
182 954 212 983 I.‚
231 955 339 986 Magnae
352 955 493 979 Britanniae
507 956 571 984 Rex,
591 956 757 986 Misocapnus
777 955 831 979 sive
849 955 881 978 de
899 955 982 978 abusu
998 954 1106 978 Tobacci

122 990 191 1013 lusus
205 990 300 1020 regius.
321 991 424 1014 London
441 992 514 1014 4649.
528 991 594 1014 folio.

203 1027 331 1053 (anglice.)

52 1059 195 1089 Neamler,
210 1061 387 1093 Tabacologia.
407 1062 522 1093 Lugduni
535 1062 685 1085 Batavorum
700 1062 774 1084 4622.
791 1061 813 1084 4.

206 1098 325 1125 (gallice.)

56 1131 181 1160 Tltorlus,
195 1133 307 1162 Hymnus
321 1133 422 1157 Tabaci.
441 1133 555 1164 Lugduni
567 1133 718 1156 Batavorum
733 1134 807 1156 4628.
823 1133 844 1156 4.

52 1172 210 1199 Baumann.
225 1174 262 1198 De
275 1175 368 1198 Tabaci
380 1175 520 1198 virtutibus.
539 1174 653 1198 Basileae
670 1176 743 1198 4629.
761 1175 784 1197 4.

52 1213 169 1243 Franke,
182 1215 219 1239 De
233 1216 371 1246 praeclaris
384 1215 530 1239 Nicotianae
543 1216 681 1239 virtutibus.
701 1215 816 1245 Upsaliae
832 1215 905 1237 4633.
922 1215 944 1237 4.

57 1254 212 1287 Ostenders,
226 1256 309 1280 Traitf·¹
323 1257 355 1279 de
368 1256 467 1286 l'usage
481 1257 515 1279 du
527 1256 608 1280 tabae.
629 1256 761 1280 Bordeaux
777 1257 851 1278 4636.
864 1257 887 1278 8.

52 1296 180 1327 Epistolae
193 1297 348 1321 medicorum
367 1298 399 1320 de
412 1297 521 1320 Tabaco.
547 1297 622 1328 lmpr.
638 1305 695 1321 cum
709 1296 868 1321 Everharto.
891 1295 1014 1327 UltraJecti
1030 1295 1105 1319 1644,

124 1334 164 1355 42.
179 1340 203 1363 p.
215 1334 224 1355 1
233 1333 311 1355 47-1
321 1335 360 1356 97.

54 1372 217 1404 Μαῃηθηιιε,
230 1373 428 1397 Exercitationes
442 1373 474 1396 de
487 1373 595 1396 Tabaco.
616 1372 695 1395 Ticini
711 1373 784 1396 1648.
799 1373 822 1395 4.

56 1413 181 1443 Ferrarii,
195 1414 293 1438 Traicte
307 1414 340 1437 du
354 1414 426 1438 tabae
440 1421 470 1437 en
483 1413 664 1437 sternutatoire.
682 1413 796 1444 Bourges
812 1414 888 1436 4655.
904 1413 927 1436 4.

53 1454 171 1484 Balclus,
185 1456 270 1484 Satyra
285 1459 370 1478 contra
384 1455 491 1478 abusum
505 1455 605 1478 Tabaci.
626 1454 751 1478 Monachii
768 1455 841 1478 1657.
857 1455 896 1477 42.

58 1494 161 1527 Tappo,
175 1495 257 1518 Oratio
271 1496 303 1519 de
316 1495 425 1519 Tabaeo.
442 1495 590 1519 Helmstadii
605 1496 679 1518 1660,
695 1495 717 1518 4.

54 1536 182 1565 Mander,
208 1536 400 1560 Lauwerkrantz
419 1544 482 1560 voor
503 1536 550 1560 alle
569 1535 718 1559 Lieihebers
740 1536 786 1559 des
808 1534 968 1559 Snustobaks.
1004 1534 1108 1558 narniae

127 1573 201 1594 4665.
218 1572 240 1594 4.

54 1611 155 1639 Paulli,
170 1611 371 1635 Commentarius
387 1611 419 1634 de
433 1611 515 1634 abusu
527 1611 630 1635 Tabaci.
650 1610 806 1642 Argentorati
822 1612 895 1634 4665.
911 1612 932 1635 4.

205 1649 333 1675 (anglice.)

54 1685 197 1711 Friderici.
211 1685 249 1708 De
262 1684 370 1708 Tabaco.
388 1684 467 1707 Jenae
483 1685 557 1707 4667.
573 1684 594 1706 4.

54 1726 194 1754 Baium-cl,
208 1726 329 1750 Discours
343 1726 376 1748 du
389 1726 470 1748 tabae.
488 1725 558 1748 Paris
574 1726 650 1748 4668.
667 1726 689 1747 8.

55 1769 161 1800 Fayon,
174 1768 211 1791 An
225 1775 254 1791 ex
267 1767 348 1790 tabaci
361 1774 410 1790 usu
423 1767 547 1797 frequenti
560 1767 624 1790 vitae
638 1773 734 1790 summa
747 1766 866 1791 brevior?
885 1766 955 1790 Paris
971 1767 1044 1790 4669.
1058 1766 1081 1790 4.

56 1809 152 1838 Stella,
167 1809 184 1833 11
198 1809 312 1833 tabacco.
332 1809 426 1832 Romae
442 1810 516 1831 1669.
532 1810 554 1831 8.

55 1851 214 1880 Barnslein,
227 1850 374 1875 Miraculum
388 1850 504 1873 Tabacci.
525 1850 677 1873 Francolurti
694 1851 765 1873 4673.
783 1851 805 1873 8.

56 1892 226 1921 Dorstenffls,
240 1891 381 1921 Disputatio
394 1892 426 1915 de
439 1891 546 1915 Tabaco.
566 1891 694 1921 Mai-purgi
709 1892 783 1914 4682.
798 1891 818 1913 4.

55 1933 190 1958 Beintema
206 1938 230 1957 et
243 1933 345 1959 Peima,
359 1932 534 1962 Tabacologia.
554 1932 639 1962 Hagae
655 1933 728 1955 1690.
743 1932 765 1954 8.

208 1971 382 1996 (germanice.)

56 2011 195 2041 Heidecke,
209 2011 246 2035 De
259 2019 308 2034 usu
320 2011 392 2035 Pethi
406 2011 431 2034 in
445 2010 573 2034 catarrhis.
594 2009 731 2040 Duisburgi
746 2010 821 2033 4693.
838 2010 860 2032 4.

57 2052 182 2082 Albinus,
196 2052 234 2076 De
248 2052 355 2075 Tabaco.
374 2051 528 2075 Francosurti
545 2053 619 2074 1695.
637 2052 658 2074 4.

58 2094 168 2126 Bergyer.
183 2095 219 2118 An
233 2101 264 2117 ex
277 2093 370 2117 Tabaci
382 2101 431 2116 usu
444 2094 568 2124 frequenti
581 2093 647 2116 vitae
661 2099 757 2115 summa
770 2092 892 2116 brevior?
912 2091 982 2114 Paris
995 2092 1069 2114 4699.
1084 2091 1106 2114 4.

57 2134 210 2167 (Batnai-cl)
223 2135 258 2158 Le
272 2134 322 2158 bon
335 2141 414 2165 usage
428 2135 462 2158 du
475 2135 549 2158 tabae
563 2142 594 2158 en
607 2135 712 2165 pondre.
733 2133 800 2157 Paris
817 2134 890 2155 1700.
908 2134 948 2155 42.

58 2175 155 2207 Appel,
169 2175 261 2198 Tabaci
274 2174 384 2197 bibulus.
405 2173 524 2198 Coloniae
538 2175 578 2198 Br.
596 2176 670 2198 4703.
686 2175 708 2197 8.

61 2217 214 2245 Thebe-sius,
228 2216 363 2240 Nacliricht
376 2224 432 2241 vom
445 2217 546 2242 Rauch-
558 2218 609 2241 und
623 2216 831 2247 Schnupstaback.
851 2214 945 2243 (Halle)
962 2216 1035 2238 4743.
1051 2215 1072 2238 4.

58 2258 224 2290 Baruffalsli,
237 2258 270 2281 La
285 2258 468 2282 Tabaecheide.
489 2259 591 2282 Ferrara
608 2258 681 2281 4744.
697 2258 718 2280 4.

59 2298 176 2330 Ludolff,
191 2299 228 2322 De
241 2298 333 2322 Tabaci
348 2306 410 2322 noxa
423 2303 480 2329 post
492 2303 598 2329 pastum.
618 2299 748 2322 Erfordiae
764 2299 837 2321 4723.
852 2298 874 2320 4.

63 2339 279 2368 Vandermontlc,
293 2340 328 2362 An
339 2347 352 2362 a
364 2339 466 2363 Tabaco
477 2340 578 2364 naribus
588 2344 716 2370 assumpto
727 2338 900 2369 cephalalgia?
920 2338 988 2361 Paris
1000 2339 1008 2361 4
1018 2339 1074 2361 733.
1084 2338 1105 2363 4.

58 2381 227 2410 Loechstoer,
241 2380 279 2404 De
292 2380 419 2404 Nicetiana
432 2388 500 2404 vera.
519 2381 629 2405 Havniae
644 2382 718 2404 4738.
733 2380 754 2403 4,

58 2422 207 2451 Beinlema,
229 2421 432 2451 Untersuchung,
452 2421 483 2445 ob
497 2423 555 2446 dem
566 2422 764 2446 Frauenzimmer
776 2419 876 2444 Taback
894 2427 924 2443 zu
941 2420 1052 2443 rauchen
1066 2427 1108 2443 er-

128 2457 195 2481 laubt
209 2457 265 2481 sei‘?
286 2457 364 2480 Jenae
380 2457 453 2479 4743.
469 2458 491 2479 8.

59 2498 208 2527 Buechner,
222 2497 259 2520 De
273 2497 367 2520 viribus
381 2497 482 2521 Tahaci.
500 2496 577 2520 Halae
592 2497 666 2520 4746.
682 2498 703 2519 4.

59 2538 189 2565 Mentzer,
201 2538 358 2568 Beskrisning
371 2545 410 2560 om
422 2537 567 2561 hollaudska
578 2537 655 2561 tabak
668 2542 751 2561 ertens
765 2544 817 2560 ans.
839 2535 979 2559 Stockholm
995 2536 1067 2559 4747.
1082 2536 1105 2559 8.

59 2580 146 2611 Pajon
159 2579 191 2604 de
204 2579 334 2606 Moncets,
347 2579 383 2602 Au
395 2583 453 2609 post
466 2579 550 2602 cibum
562 2579 643 2603 fumus
656 2579 768 2603 Tabaci'?
787 2578 857 2602 Paris
872 2577 946 2601 4749.
963 2578 984 2600 4.

61 2621 213 2653 Lanqqutlz,
227 2620 265 2644 De
277 2620 368 2644 Tabaci
381 2620 469 2644 abusu.
489 2620 586 2650 Lipsiae
602 2621 675 2643 4750.
692 2621 714 2643 4.

59 2661 171 2691 Reichel,
185 2661 224 2686 De
237 2661 345 2685 Tabaco.
363 2659 540 2691 vitembergae
557 2661 628 2684 4750.
646 2661 666 2684 4.

94 2704 215 2734 Pm‘rzEL,
235 2705 309 2729 Thes.
322 2704 355 2728 lit.
369 2704 419 2728 bot.

1086 94 1156 127 457

1242 93 1556 126 MONOGRAPHIAE
1575 93 1811 128 PLANTARUM
1830 94 2107 129 OFFICINALIUM

1142 185 1272 216 Barjolle,
1286 186 1322 209 An
1335 186 1463 210 Tabacum
1476 186 1569 209 lentum
1582 184 1612 209 sit
1624 188 1769 210 venenum?
1788 187 1856 211 Paris
1871 189 1945 211 4754.
1959 188 1981 211 4.

1139 227 1271 253 Jenichen,
1286 227 1324 250 De
1338 227 1446 250 Tahaco.
1468 226 1513 250 Ed.
1528 227 1555 249 ΙΙ.
1577 227 1666 250 Gissae
1682 228 1755 250 1756.
1770 228 1793 250 4.

1140 268 1316 296 Pelilmailre,
1330 268 1368 291 De
1382 276 1429 292 usu
1442 272 1467 291 et
1479 268 1560 291 abusu
1573 268 1724 291 Nicetianae.
1743 268 1857 291 Basileae
1872 269 1945 291 4756.
1960 269 1982 291 4.

1140 309 1258 338 Fowlw,
1271 309 1380 333 Medical
1393 314 1509 339 rapports
1523 316 1554 332 on
1567 309 1607 332 the
1621 310 1709 332 effects
1722 309 1749 332 of
1759 309 1873 332 tabacco.
1894 309 1996 332 London
2012 310 2083 333 4785.
2098 311 2120 333 8.

1141 348 1260 378 Buclmz,
1274 350 1441 373 Dissertation
1454 357 1497 373 sur
1509 350 1532 373 le
1546 349 1627 373 tabae.
1647 349 1716 373 Paris
1731 350 1807 372 4787.
1823 351 1845 372 8.

1139 390 1205 418 Zeti,
1220 391 1258 414 De
1272 391 1415 414 Nicetianae
1430 391 1531 414 utilitate
1545 395 1569 414 et
1582 391 1659 414 noxis.
1678 390 1821 414 Landishuti
1834 398 1854 413 s.
1869 397 1889 413 a.
1905 391 1927 412 8.

1141 430 1241 461 Meyer,
1255 431 1293 454 De
1307 430 1365 454 lumi
1378 431 1523 453 Nicotianae
1537 434 1616 453 suctu.
1635 430 1734 460 Lipsiae
1750 431 1824 452 4803.
1840 430 1862 452 4.

1142 471 1297 495 Cedet—cle-
1307 471 1396 498 t'auoe.
1410 471 1490 495 Traite
1505 472 1537 495 (le
1550 472 1572 494 la
1586 471 1681 495 culture
1694 471 1728 494 du
1740 471 1820 494 tabae.
1838 470 1909 494 Paris
1925 470 1999 493 1810.
2012 471 2035 493 8.

1414 513 1575 542 Preparation
1600 513 1645 535 des
1669 512 1736 542 liges
1761 516 1786 535 et
1814 511 1913 535 racines
1937 511 1971 534 du
1995 511 2077 535 tabae.
2125 511 2194 536 Paris

1214 548 1288 570 4842.
1307 548 1345 570 42.

1141 587 1254 615 Arvers.
1267 588 1340 611 Essai
1353 595 1395 611 sur
1407 588 1430 611 le
1444 588 1524 611 tabac.
1545 588 1614 611 Paris
1630 589 1702 611 1815.
1719 588 1740 610 4.

1140 627 1263 660 Ayarclli.
1278 628 1435 659 Conspectus
1450 629 1595 659 specierum
1608 628 1762 652 Nieotianae.
1782 628 1885 652 Lundae
1900 628 1974 651 1819.
1990 629 2028 651 42.

1292 666 1466 691 (germanice.)

1144 706 1226 736 Gory.
1240 706 1310 730 Essai
1325 714 1368 730 sur
1380 707 1404 730 le
1418 707 1499 729 tabae.
1520 706 1587 729 Paris
1603 707 1676 729 4820.
1692 707 1714 729 4.

1140 748 1279 779 Banninq,
1294 748 1331 771 De
1345 748 1423 771 herba
1436 747 1590 770 Niceti-anae.
1613 746 1721 770 Berolini
1738 747 1811 771 4824.
1825 748 1847 770 8.

1141 789 1292 820 Heulzfeld.
1307 789 1343 812 De
1357 789 1493 813 Nicetiana.
1513 788 1619 811 Berolini
1635 789 1710 811 4828.
1726 789 1748 811 8.

1142 830 1222 858 Anlz.
1236 831 1328 854 Tabaci
1342 830 1449 853 historia.
1470 829 1576 853 Berolini
1593 829 1666 852 4836.
1681 830 1703 852 8.

1143 871 1274 898 Com-adi,
1288 871 1325 894 De
1338 871 1465 894 Nicetiana
1480 870 1588 893 Tabaco.
1607 870 1753 901 Goettingae
1770 871 1844 893 4838.
1861 871 1882 893 8.

1142 911 1274 942 Draeyer,
1288 911 1324 935 De
1337 912 1360 934 vi
1374 915 1398 934 et
1410 918 1460 934 usu
1473 911 1624 934 Nicotianae.
1644 911 1721 935 Halae
1738 912 1811 935 1838.
1828 913 1849 935 8.

1141 951 1260 983 Jelenffy.
1275 953 1312 976 De
1326 952 1464 976 Nicetiana.
1484 951 1569 975 Budae
1586 952 1659 974 4838.
1675 953 1698 975 8.

1143 992 1364 1019 Riemschneider,
1378 993 1416 1016 De
1429 992 1507 1016 herba
1520 992 1655 1015 Nicetiana.
1675 993 1774 1023 Lipsiae
1788 994 1863 1017 1840.
1880 994 1901 1016 8.

1142 1033 1274 1061 Erliarslt,
1288 1033 1338 1057 Der
1350 1034 1460 1057 Taback.
1478 1033 1632 1064 Heidelberg
1648 1034 1722 1056 4844.
1738 1035 1760 1057 8.

1142 1075 1264 1102 Mueller.
1277 1075 1328 1098 Der
1341 1075 1450 1098 Taback.
1471 1074 1614 1098 Emmerich
1630 1074 1702 1097 4842.
1719 1075 1742 1097 8.

1500 1144 1596 1171 Ocolea
1612 1144 1740 1180 Puchury
1756 1145 1835 1172 Mart.

1145 1204 1310 1232 Hartmann,
1324 1204 1361 1228 De
1374 1203 1487 1228 Pechuri.
1507 1203 1661 1227 Francosurti
1673 1200 1733 1235 asv.
1752 1205 1826 1227 4792.
1842 1204 1863 1225 8.

1467 1273 1647 1309 Onopordum
1661 1273 1823 1300 Acanthium
1837 1274 1864 1300 L.

1146 1333 1275 1361 Goelz'cke,
1289 1333 1326 1357 De
1340 1333 1481 1363 Onopordo.
1500 1331 1653 1355 Franeofurti
1667 1328 1726 1362 asV.
1743 1332 1817 1355 4739.
1832 1332 1854 1354 4.

1492 1401 1675 1438 Ophiorrhiza
1690 1401 1807 1436 Munyos
1821 1402 1849 1428 L.

1144 1461 1272 1488 Lochner,
1286 1461 1392 1492 Mungos
1405 1460 1578 1484 animalculum
1592 1464 1616 1484 et
1629 1460 1703 1484 radix.
1724 1460 1905 1491 Norimbergae
1920 1462 1993 1484 4745.
2009 1462 2031 1484 4.

1146 1502 1318 1530 Cartheuser,
1332 1503 1369 1526 De
1382 1502 1467 1526 radice
1480 1502 1581 1531 Mungo.
1601 1501 1754 1525 Francofurti
1770 1502 1843 1524 4769.
1859 1501 1882 1524 4.

1501 1571 1652 1606 Oriyanum
1667 1572 1792 1598 creticum
1807 1571 1834 1598 L.

1144 1632 1291 1663 Marquart
1311 1635 1336 1654 et
1354 1630 1442 1662 Voyel,
1465 1630 1580 1661 Beitrage
1597 1638 1640 1654 zur
1653 1630 1803 1654 Geschichte
1823 1630 1869 1653 der
1883 1629 1966 1653 Herba
1980 1629 2080 1660 Origani
2101 1630 2196 1653 cretici.

1216 1666 1360 1696 (Nurnberg
1377 1666 1463 1692 1840.)
1479 1667 1501 1688 8.

1493 1735 1644 1770 Origyanum
1660 1735 1805 1770 Majorana
1820 1735 1846 1761 L.

1147 1796 1229 1823 Grav,
1243 1797 1372 1819 Panacaea
1385 1794 1533 1825 vegetabilis
1548 1794 1628 1817 calida
1641 1794 1695 1817 sive
1707 1793 1833 1824 Majoraua
1846 1797 1937 1817 nostra.
1956 1794 2034 1818 Jenae
2048 1794 2122 1817 4689.
2142 1794 2179 1816 42.

1523 1864 1619 1891 Ooealz's
1635 1863 1780 1891 Acetosella
1795 1863 1823 1890 L.

1145 1924 1263 1951 Frank-e,
1276 1924 1361 1948 Herba
1373 1923 1483 1954 Alleluja.
1504 1923 1587 1947 Ulmae
1604 1924 1678 1946 1709.
1696 1924 1736 1946 42.

1280 1965 1317 1989 De
1335 1972 1395 1989 vera
1414 1964 1494 1988 herba
1514 1964 1671 1994 antiquorum
1688 1963 1836 1987 Aeetosella.
1868 1962 1993 1995 Augustae
2012 1962 2197 1987 vindelicorum

1217 2002 1290 2024 4747.
1309 2002 1347 2023 42.
1363 2002 1424 2027 (non
1438 2000 1540 2026 differt.)

1458 2078 1459 2081 ¹
1508 2070 1628 2096 Paeonia
1644 2069 1787 2104 officinalis
1803 2069 1830 2096 L.

1146 2129 1259 2161 Beryer,
1273 2129 1327 2152 Von
1341 2130 1385 2153 der
1398 2128 1606 2152 Panniemvurzel.
1628 2127 1756 2151 Frankfurz
1775 2129 1844 2150 1599.

1145 2170 1287 2200 Friclerici,
1301 2171 1338 2202 De
1350 2171 1466 2194 Paeonia.
1485 2170 1564 2194 Jenae
1580 2170 1653 2192 1670.
1668 2169 1689 2192 4.

1146 2211 1327 2242 Haenevwolf,
1340 2211 1470 2235 Anatomia
1482 2210 1612 2235 Paeoniae.
1630 2209 1738 2233 Arusteti
1753 2210 1827 2232 4680.
1842 2210 1862 2231 S.

1488 2282 1589 2308 Panaoe
1604 2280 1805 2316 quinquefolius
1820 2279 1847 2304 L.

1146 2341 1247 2372 Breyn,
1261 2341 1298 2365 De
1312 2341 1398 2364 radice
1412 2340 1529 2363 Gin-sem
1541 2347 1588 2364 seu
1600 2339 1660 2362 Nisi.
1679 2337 1792 2368 Lugduni
1806 2337 1954 2360 Batavorum
1968 2338 2042 2359 4700.
2058 2336 2079 2359 4.

1149 2382 1364 2411 Vandermonde‚
1378 2385 1414 2405 An
1428 2381 1529 2405 infirmis
1544 2388 1557 2404 a
1570 2380 1659 2404 morbo
1673 2379 1769 2403 viribus
1784 2378 1911 2408 Ginseng?
1931 2377 2002 2401 Paris
2017 2379 2092 2401 4736.
2108 2378 2131 2401 4.

1145 2423 1255 2452 Schulz,
1279 2423 1316 2447 De
1335 2423 1421 2446 radice
1440 2422 1550 2453 Ginseng
1568 2421 1607 2445 vel
1627 2420 1704 2444 Ninsi.
1737 2419 1830 2445 [Panax
1849 2418 2055 2448 quinquefolius.)
2091 2417 2194 2449 Dorpaii

1216 2459 1288 2482 4836.
1303 2460 1325 2481 8.

1520 2517 1643 2550 Papauer
1659 2516 1687 2540 ct
1705 2513 1811 2548 Opz'zim.

1145 2575 1267 2605 Rom—ich,
1280 2576 1317 2600 De
1330 2575 1470 2600 somniferis
1484 2575 1588 2598 maxime
1602 2571 1760 2603 papavereis.
1780 2570 1890 2594 Havniae
1905 2571 1977 2594 4683.
1992 2570 2013 2593 4.

1146 2616 1264 2645 Fischer,
1277 2616 1314 2640 De
1326 2616 1456 2646 Papavere
1470 2614 1581 2638 erratico.
1601 2612 1729 2636 Erfordiae
1745 2612 1817 2634 4748.
1833 2611 1854 2633 4.

1152 2657 1271 2690 viguier,
1284 2656 1391 2681 Histoire
1405 2656 1450 2680 des
1462 2655 1552 2678 Pavots
1566 2658 1589 2678 et
1602 2653 1648 2677 des
1661 2652 1822 2683 Argemones.
1841 2651 2000 2682 Montpellier
2015 2652 2088 2675 4844.
2102 2652 2122 2674 4.

1857 2695 1886 2717 58
