2360 2942
155 97 473 131 MONOGRAPHIAE
492 97 728 132 PLANTARUM
747 98 1025 133 OFFICINALIUM

357 191 532 227 Gynanchum
553 191 751 219 Vincetooeicum
765 193 844 220 Pers.

80 248 180 277 Wedel,
194 249 231 274 De
244 250 412 274 Vincetoxico.
431 250 509 274 Jenae
526 252 600 274 4720.
614 251 636 273 4.

75 289 208 319 Harnier,
222 291 260 315 De
273 291 297 315 vi
311 291 440 320 Cynanchi
452 290 613 315 Vincetoxici.
634 291 762 323 Marburgi
778 292 850 315 4844.
867 293 889 315 4.

405 360 599 396 Cynoylossum
615 361 748 397 officinale
763 362 790 389 L.

76 418 198 447 Schreclc,
212 419 250 444 Dc
264 420 427 451 Cynoglosso.
445 419 555 443 Altdorfii
572 421 645 443 4753.
660 420 681 443 4.

442 489 560 525 Daphne
578 488 708 516 Gnidiam
722 490 751 516 L.

74 546 239 576 Hartmann,
258 548 341 578 Super
352 547 474 578 Daphnes
488 547 568 571 Gnidii
581 555 628 571 usu
642 548 803 579 epispastico.
822 549 928 580 Trajecti
942 547 997 582 asV.
1015 551 1087 574 4780.
1102 550 1125 573 4.

434 617 551 653 Daphne
567 618 716 646 Mezereum
731 619 758 645 L.

71 674 152 703 lusti,
166 675 205 700 De
219 675 368 704 Thymelaea
381 676 506 700 Mezereo.
527 676 656 707 Marburgi
672 678 747 701 4798.
762 678 785 701 8.

74 715 186 745 Gmelzh,
201 715 352 740 Chemischc
365 716 557 748 Untersuchung
571 719 616 741 der
627 718 849 743 Seidelbastrindo.
868 719 998 750 Tubingen
1014 720 1087 743 4822.
1102 720 1125 742 8.

76 755 170 785 Theile,
184 756 223 780 De
236 757 331 781 viribus
344 756 465 788 Daphnes
478 758 594 782 Mezerei.
614 759 714 789 Lipsiae
730 761 804 783 4838.
819 761 841 782 8.

434 828 544 854 Datisca
561 829 716 856 camzabz'na
731 829 758 855 L.

72 884 224 914 Dammers,
238 885 276 909 De
290 885 407 909 Datiscae
421 886 574 910 cannabinae
587 894 642 910 usu.
661 887 807 918 Goettingae
823 889 896 911 4799.
913 888 934 911 4.

422 956 529 982 Dauara
545 956 732 983 Stramonz'um
747 957 774 983 L.

71 1012 182 1041 Harles,
200 1013 283 1037 Ueber
295 1013 336 1037 die
348 1013 524 1038 Wirksamkeit
537 1015 581 1039 der
593 1014 686 1039 Datura
700 1015 863 1039 Stramonium
876 1023 956 1046 gegen
971 1015 1012 1039 dio
1026 1015 1127 1039 Hunds-

139 1048 214 1072 wuth.
234 1048 362 1072 Frankl‘urt
375 1046 439 1079 asM.
456 1051 530 1072 4809.
547 1050 567 1072 4.

75 1082 184 1111 IVeber,
199 1083 236 1106 De
250 1083 360 1106 Daturae
375 1084 505 1107 Stramonii
518 1084 622 1107 viribus.
641 1084 743 1108 Bonnae
759 1086 832 1108 4820.
848 1086 870 1107 8.

70 1125 234 1157 Enyelhart,
247 1124 285 1148 De
299 1124 392 1148 Datura
406 1125 552 1148 stramonia
572 1125 676 1156 Trajecti
691 1123 765 1157 ath.
783 1127 856 1149 4822.
873 1127 894 1149 4.

449 1195 608 1221 Diclamnus
624 1195 701 1223 albus
716 1196 744 1223 L.

73 1254 168 1285 Geyer,
183 1252 417 1285 Δικταμνογραφια.
436 1253 591 1277 Francosurti
606 1255 681 1277 4687.
697 1255 718 1278 4.

70 1295 217 1324 Buechner,
231 1295 270 1319 De
283 1295 427 1319 Fraxiuella.
447 1295 577 1319 Erfordiae
594 1296 667 1319 4742.
683 1296 705 1318 4.

433 1365 558 1400 Diyz'lalis
569 1374 715 1402 purpurea
731 1366 759 1392 L.

75 1424 237 1456 Willterinq,
250 1424 365 1447 Account
377 1424 404 1447 of
414 1423 456 1447 the
468 1424 593 1454 soxglove.
613 1424 780 1456 Birmingham
795 1426 869 1449 4785.
883 1427 904 1448 8.

223 1461 395 1488 (germanice.)

71 1497 244 1524 Schiemann‚
257 1496 295 1520 De
308 1497 405 1528 Digitali
419 1504 553 1527 purpurea.
574 1496 721 1527 Goettingae
737 1498 810 1521 4786.
824 1497 846 1520 4.

70 1538 158 1567 Merz,
172 1537 209 1560 De
223 1537 320 1568 Digitali
333 1545 471 1569 purpurea.
492 1538 570 1561 Jenae
586 1540 661 1561 4790.
679 1539 700 1560 4.

69 1580 200 1612 Aszelz'zcs,
215 1580 252 1604 Do
265 1581 361 1604 viribus
375 1581 487 1611 Digitalis
502 1588 654 1611 purpureae.
676 1580 790 1610 Upsaliae
808 1582 880 1604 4806.
896 1581 916 1604 4.

70 1622 213 1654 Fanzaqo,
228 1623 293 1646 Sulla
307 1622 373 1646 vii-11⁴1
386 1623 451 1646 della
465 1622 580 1653 Digitale.
600 1623 700 1645 Padova
717 1624 789 1645 4840.
804 1624 825 1645 8.

70 1663 180 1688 Bz'daulc
195 1663 226 1687 de
245 1662 362 1691 villiers,
377 1664 451 1687 Essai
466 1671 509 1687 sur
521 1664 543 1686 la
557 1663 664 1693 Digitale
678 1664 813 1693 pom-pree.
834 1663 903 1686 Paris
919 1664 995 1686 4842.
1012 1666 1032 1686 s.

69 1695 199 1736 Elmz'qer,
212 1704 319 1728 Hisloire
332 1705 453 1728 naturelle
468 1709 492 1728 et
505 1705 628 1728 medicale
641 1705 687 1727 des
698 1704 826 1735 Digilales.
847 1704 1003 1734 Montpellior
1022 1706 1090 1727 4842.
1102 1705 1123 1728 4.

71 1746 176 1774 Haase,
191 1746 228 1769 De
246 1745 345 1776 Digitali
360 1753 495 1776 purpurea.
514 1746 614 1776 Lipsiae
631 1747 705 1768 4842.
722 1746 744 1768 4.

70 1787 226 1818 Kaplt'nsk-i,
240 1787 278 1810 De
291 1787 388 1817 Digitali
402 1795 539 1818 purpurea.
558 1787 665 1811 Berolini
682 1789 755 1810 4820.
770 1788 792 1810 S.

70 1828 174 1857 Jessen,
188 1828 226 1851 De
239 1828 352 1859 Digitalis
366 1835 510 1859 purpureae
522 1828 628 1852 viribus.
648 1828 725 1851 Kiliae
742 1828 815 1850 4820.
830 1828 851 1850 4.

73 1868 223 1900 Tlmnberq,
237 1869 274 1892 De
289 1869 388 1899 Digitali
403 1877 538 1900 purpurea.
558 1869 674 1900 Upsaliae
690 1870 764 1891 4822.
781 1869 802 1891 4.

69 1908 170 1938 Duval,
184 1909 222 1932 Dc
235 1909 333 1939 Digitali
347 1916 482 1939 purpurea.
502 1909 589 1933 Leodii
607 1909 679 1932 4824.
696 1909 717 1931 4.

70 1949 185 1979 Nl'colle,
198 1949 306 1973 Histoire
321 1949 353 1973 de
366 1949 388 1972 la
402 1950 509 1980 Digitale
523 1953 659 1980 pourpree.
680 1949 750 1973 Paris
766 1950 840 1973 4824.
854 1952 876 1973 8.

70 1990 188 2019 Donath,
201 1990 238 2014 De
252 1990 350 2021 Digitali
363 1997 498 2020 purpurea.
517 1991 625 2014 Berolini
642 1992 714 2014 4826.
728 1992 750 2014 S.

76 2030 206 2062 le'llfeld,
220 2031 258 2054 De
270 2038 329 2055 vera
342 2030 458 2061 Digitalis
471 2031 629 2055 indicatione.
649 2031 751 2054 Bonnae
767 2032 841 2055 4826.
855 2033 877 2055 8.

72 2071 210 2100 Goelhals,
223 2071 261 2095 De
274 2072 374 2102 Digitali
388 2080 524 2102 purpurea.
545 2072 657 2096 Gandavi
673 2074 747 2096 4829.
763 2073 784 2095 4.

71 2113 200 2142 Schroen,
214 2113 252 2136 De
265 2112 361 2143 Digitali
374 2121 508 2144 purpurea.
528 2114 655 2138 Monachii
671 2115 747 2137 4829.
761 2115 783 2137 8.

71 2152 284 2185 Scln‘jchowskz'j'‚
297 2153 334 2177 De
348 2154 445 2185 Digitali
458 2162 594 2186 purpurea.
614 2155 715 2185 Dorpati
730 2156 805 2178 4829.

70 2194 170 2227 Enqel,
200 2195 238 2219 De
260 2194 372 2225 Digitalis
395 2203 538 2226 purpureae
562 2196 587 2220 in
613 2196 699 2220 delirio
724 2199 864 2226 potatorum
886 2196 986 2220 effectu.
1024 2196 1124 2227 Lipsiae

71 2230 263 2294 Rlz⁰;i{{÷·D4i-e
277 2264 393 2294 Digitalis
405 2272 540 2296 purpurea.
558 2265 741 2296 Mergentheim
757 2267 831 2289 4837.
848 2267 870 2289 8.

76 2305 220 2336 Winckler,
233 2306 271 2330 De
283 2305 384 2336 Digitali
397 2313 534 2337 purpurea.
552 2306 661 2331 Berolini
675 2309 749 2330 4837.
765 2309 787 2330 8.

70 2346 160 2376 Mum,
173 2347 210 2371 De
223 2346 322 2377 Digitali
334 2354 469 2377 purpurea.
487 2347 566 2371 Kiliae
582 2349 655 2371 4839.
671 2349 694 2371 8.

75 2387 206 2418 Teubern,
219 2387 257 2411 De
270 2387 385 2417 Digitalis
397 2395 539 2419 purpureae
552 2388 577 2412 vi
589 2387 865 2420 pharmacodynamica.
885 2387 963 2411 Jenae
979 2388 1054 2412 4840.
1071 2390 1094 2412 8.

113 2458 226 2485 Diosma
241 2461 361 2489 cremia,
377 2459 473 2492 potius
489 2459 623 2486 Barosma
638 2462 748 2486 cremata
764 2460 792 2485 et
806 2457 971 2494 serralifolia
986 2457 1080 2485 Willd.

70 2515 197 2544 Moeckel,
211 2516 249 2540 De
261 2516 363 2539 Diosma
377 2521 484 2541 crenata.
505 2517 607 2548 Lipsiae
622 2519 695 2541 4820.
711 2518 732 2541 4.

74 2557 156 2581 Cadel
170 2557 201 2581 de
216 2557 387 2586 Gassz’court,
400 2557 489 2581 Notice
502 2565 545 2581 sur
557 2559 581 2582 le
593 2559 696 2583 Diosma
709 2561 817 2583 crenata.
835 2557 902 2581 Paris
918 2558 990 2581 4827.
1007 2558 1028 2581 4.

71 2597 183 2629 Nourij,
205 2598 312 2622 Historia
331 2598 445 2622 foliorum
463 2599 581 2623 Diosmae
598 2600 773 2628 serratisoliae,
800 2598 875 2629 vulgo
893 2598 1006 2622 foliorum
1025 2598 1121 2623 Buchu.

143 2633 282 2664 Groningae
297 2634 371 2656 4827.
387 2634 409 2656 8.

71 2666 231 2697 Bruinsma,
244 2668 282 2692 De
295 2668 397 2692 Diosma
411 2672 519 2692 crenata.
536 2669 651 2700 Lugduni
664 2669 814 2693 Batavorum
828 2669 903 2692 4838.
920 2669 942 2691 4.

1114 100 1184 132 453

1272 98 1589 131 MONOGRAPHIAE
1608 100 1843 135 PLANTARUM
1863 102 2139 136 OFFICINALIUM

1489 193 1606 219 DOYenla
1621 195 1805 221 armeniacum
1819 194 1891 222 Don.

1170 249 1319 282 leunbery,
1333 251 1370 275 De
1380 251 1477 275 Gummi
1490 252 1651 276 ammoniaco.
1671 251 1787 283 Upsaliae
1802 254 1876 276 4828.
1891 254 1912 275 4.

1166 291 1285 320 Jaelznel,
1299 292 1336 316 De
1350 292 1445 316 Gummi
1459 293 1622 317 ammoniaco.
1642 293 1743 324 Lipsiae
1758 295 1832 317 4837.
1849 296 1869 316 S.

1501 364 1645 390 Dorslenia
1663 363 1837 399 Contrajerva
1853 365 1880 391 L.

1170 419 1271 450 IVedcl,
1285 420 1323 445 De
1338 421 1515 451 Contrayerva.
1534 422 1612 446 Jenae
1629 424 1701 446 4742.
1718 423 1740 446 4.

1540 484 1683 510 Dracaena
1699 484 1789 511 Draco
1805 484 1834 510 L.

1165 538 1258 569 Baz’er,
1272 540 1310 564 Dc
1324 541 1447 572 sanguine
1460 541 1590 566 Draconis.
1610 542 1711 566 Altdorfi
1728 544 1801 566 4742.
1817 543 1838 565 4.

1518 613 1628 647 Drimys
1645 613 1757 640 Winteri
1771 613 1861 639 Forst.

1165 666 1325 697 Silcemann,
1340 670 1377 694 De
1391 670 1484 694 cortice
1498 670 1652 695 Winterauo.
1672 671 1801 695 Erfordiac
1818 672 1892 694 4744.
1908 671 1929 693 4.

1164 707 1337 768 Harsffilg‘ssn'l,
1355 710 1393 735 De
1411 712 1503 736 cortice
1521 712 1668 736 Wintcrauo
1691 713 1730 741 (et
1748 711 1848 735 Canella
1866 711 1944 739 alba).
1979 711 2132 735 Francosurli
2151 709 2214 742 asV.

1511 800 1631 826 Drosera
1646 799 1825 836 rotundifolt'a
1840 799 1867 827 L.

1163 854 1256 886 Eysel,
1270 856 1308 880 De
1322 857 1386 881 Rore
1399 858 1466 881 solis.
1485 857 1612 882 Erfordiae
1628 860 1703 882 4745.
1718 859 1741 882 4.

1471 928 1622 963 Erythraea
1640 928 1813 955 Centaurium
1832 929 1910 955 Pers.

1165 982 1299 1014 Leclelius,
1313 984 1469 1009 Centaurium
1484 987 1576 1016 minusy
1591 994 1651 1010 auro
1665 991 1747 1010 tamen
1760 988 1848 1017 majus.
1866 986 2017 1010 Francorum
2031 984 2091 1016 asM.
2109 987 2176 1009 1694.
2193 988 2214 1008 8.

1169 1023 1271 1053 Wedel,
1285 1026 1322 1050 De
1337 1026 1469 1050 Centaurio
1482 1027 1578 1051 minori.
1595 1028 1672 1051 Jenae
1688 1029 1762 1051 4743.
1777 1028 1799 1051 4.

1164 1065 1282 1097 &et-oye,
1297 1066 1485 1091 Commendatio
1501 1067 1627 1092 Centaurii
1641 1069 1748 1092 minoris.
1767 1069 1846 1092 ,lenae
1864 1069 1935 1091 4743.
1951 1069 1972 1091 4.

1163 1106 1279 1137 Massia,
1292 1108 1330 1132 De
1345 1108 1480 1132 Comani-io
1493 1110 1588 1133 minore
1602 1115 1627 1134 et
1640 1110 1786 1133 Chelidonio
1800 1110 1902 1133 minore.
1920 1109 2031 1132 Ilavniae
2047 1110 2119 1131 4742.
2135 1109 2155 1130 4.

1164 1149 1260 1177 Mele'n,
1274 1150 1311 1174 De
1325 1150 1470 1181 Erythraeis
1483 1152 1610 1175 succanis.
1628 1152 1744 1183 Upsaliae
1759 1153 1834 1175 4826.
1851 1152 1872 1174 4.

1523 1222 1647 1257 Euyem'a
1663 1223 1784 1250 Pimenta
1799 1222 1852 1249 DC.

1167 1277 1266 1337 ortega
1275 1297 1281 1306 .
1300 1279 1406 1337 Hi4storia
1420 1280 1514 1304 natural
1531 1281 1563 1304 do
1580 1280 1603 1304 la
1617 1281 1756 1312 Malagueta
1770 1288 1784 1304 o
1797 1281 1914 1311 pimienta
1928 1281 1960 1304 de
1973 1279 2092 1304 Tavasco.
2120 1278 2215 1302 Mam-id

1253 1316 1310 1337 780.
1343 1332 1348 1337 .

1596 1369 1657 1404 Eup
1662 1368 1779 1396 horbiae.

1165 1425 1258 1454 Lz'nne',
1271 1425 1414 1456 Euphorbia
1429 1427 1535 1457 ejusque
1548 1426 1650 1450 historia
1664 1427 1770 1451 medica.
1790 1426 1903 1457 Upsaliae
1919 1427 1993 1449 4752.
2009 1426 2030 1449 4.

1164 1465 1358 1496 Marincovc'cli,
1373 1468 1411 1491 De
1424 1475 1500 1491 succo
1513 1467 1707 1498 Titliymalorum
1721 1469 1827 1499 ejusque
1840 1468 1941 1496 analysi.
1959 1466 2071 1491 Venetiis
2087 1467 2161 1489 4823.
2175 1468 2197 1487 ὃ,

1162 1506 1284 1536 Jassz'eu,
1308 1507 1346 1531 De
1368 1508 1616 1538 Euphorbiacearum
1639 1509 1775 1539 generibus
1796 1509 1953 1539 medicisque
1975 1508 2080 1533 viribus.
2117 1506 2215 1530 Parisiis

1235 1543 1310 1565 4824.
1328 1543 1349 1566 4.

1164 1576 1333 1608 Landsbery,
1347 1577 1590 1608 Pharmacographia
1603 1578 1857 1608 Euphorbiaccarum.
1877 1579 1985 1602 Berolini
2005 1580 2074 1601 4834.
2089 1580 2109 1599 S.

1163 1618 1298 1648 Damnem
1311 1619 1362 1642 Des
1375 1618 1581 1649 Euphorbiacoes
1595 1619 1697 1642 usitecs.
1718 1619 1864 1649 strasshurg
1880 1620 1953 1642 4834.
1969 1620 1990 1641 4.

1163 1659 1303 1688 Dubreuil,
1317 1659 1425 1683 Histoire
1439 1660 1471 1683 de
1484 1660 1609 1690 quelques
1622 1660 1839 1690 Euphorbiacetss.
1860 1660 1927 1684 Paris
1943 1661 2016 1683 4835,
2035 1661 2055 1682 4.

1506 1730 1663 1765 Euphrasia
1679 1730 1822 1766 officinalis
1837 1731 1866 1757 L.

1163 1787 1281 1817 Franke,
1296 1788 1457 1819 spicilegium
1470 1789 1503 1812 de
1516 1788 1657 1820 Euphragia
1671 1789 1758 1812 herba.
1778 1789 1931 1813 Francosurti
1947 1791 2020 1812 4747.
2035 1792 2057 1812 s.

1460 1860 1634 1886 Eoeostemma
1650 1860 1805 1888 caribaeum
1820 1860 1913 1887 Willd.

1163 1915 1314 1948 Aufmkollc,
1327 1917 1363 1941 Dc
1377 1917 1470 1941 cortice
1484 1918 1609 1942 caribaeo.
1629 1918 1776 1949 Goeuingae
1792 1919 1866 1942 4793.
1881 1920 1902 1941 8.

1523 1988 1622 2015 Ferula
1637 1988 1692 2015 Asa
1706 1989 1808 2025 foetida
1824 1990 1850 2015 L.

1162 2045 1263 2075 Pandt,
1276 2046 1313 2069 De
1326 2046 1374 2069 Asa
1388 2046 1486 2070 foetida.
1507 2046 1653 2077 Goettingae
1669 2048 1743 2071 4778.
1759 2048 1781 2071 4.

1162 2087 1259 2119 Koeclq',
1272 2088 1310 2111 De
1322 2088 1388 2112 Assa
1400 2088 1498 2112 foetida.
1518 2088 1682 2113 Vindobouae
1698 2089 1772 2113 4840.
1786 2090 1809 2113 8.

1609 2159 1723 2186 Fevillea
1738 2160 1767 2186 L.

1161 2216 1291 2248 Drapicae,
1305 2216 1393 2240 Notice
1407 2224 1450 2240 sur
1462 2217 1486 2241 le
1503 2217 1674 2242 Nhandirobe.
1693 2218 1814 2246 (Fevillea
1826 2218 1865 2245 L.)
1885 2217 2013 2241 Bruxelles
2029 2218 2102 2241 4849.
2117 2218 2139 2240 8.

1469 2287 1494 2314 F
1492 2287 1643 2315 oeniculum
1657 2288 1769 2324 vulgare
1785 2288 1899 2316 Gaertn.

1161 2345 1331 2375 Schenckius,
1345 2343 1543 2377 Μαραῇρολογία
1555 2346 1609 2370 sive
1623 2347 1655 2370 de
1668 2347 1808 2370 Foeniculo.
1826 2347 1904 2370 Jenae
1918 2347 1992 2369 4665.
2009 2347 2030 2369 4.

1162 2386 1282 2416 Boecler,
1294 2387 1332 2411 De
1346 2387 1488 2411 foeniculo.
1506 2388 1662 2419 Argentorazi
1677 2389 1752 2411 4732.
1768 2388 1790 2410 4.

1522 2458 1662 2485 Fraoeimzs
1677 2457 1807 2484 excelsior
1821 2457 1849 2483 L.

1161 2515 1287 2544 Schroer,
1311 2515 1432 2540 Curieuse
1451 2516 1639 2547 Beschreibung
1660 2517 1705 2540 des
1727 2515 1923 2540 Eschenbaums.
1960 2514 2087 2539 Franksurt
2108 2513 2157 2545 ald.
2178 2515 2207 2539 O.

1159 2553 1308 2617 Helm-4933&
1319 2553 1358 2610 8Βθ
1371 2586 1511 2616 Quinquina
1522 2585 1718 2616 Europaeorum.
1738 2584 1954 2616 Gryphiswaldiae
1969 2586 2043 2608 4742.
2059 2585 2080 2607 4.

1160 2626 1301 2659 Sclzreqer,
1313 2627 1351 2651 De
1365 2627 1464 2651 corticis
1478 2627 1495 2650 F
1498 2627 1574 2650 raxini
1587 2627 1732 2651 excelsioris
1745 2631 1840 2650 natura.
1858 2626 1959 2656 Lipsiae
1974 2627 2049 2649 4794.
2065 2627 2086 2648 4.

1160 2667 1258 2698 Leroy,
1271 2668 1390 2692 Memoire
1404 2675 1447 2691 sur
1459 2668 1482 2691 le
1496 2667 1599 2691 Kinkina
1612 2668 1724 2696 francais.
1744 2668 1811 2691 Paris
1826 2669 1898 2691 4808Δ
1914 2669 1936 2690 8.
