2360 2942
542 121 673 152 MACER

203 214 267 237 duce
285 214 373 236 doctus
391 213 447 236 eris.
468 212 532 235 Infra
550 212 606 235 icon
624 212 798 242 xylographiea
820 213 921 240 eadem,
942 218 1006 242 quae
1024 211 1048 234 in
1067 211 1147 240 titulo;

203 249 285 271 solium
298 243 342 271 52¹¹
356 248 446 271 album.
459 251 513 269 nihl.
524 251 588 269 caud.
604 245 739 274 (Candollio
753 246 842 269 librum
856 254 918 269 anno
932 248 995 269 4810
1007 246 1071 269 dono
1082 246 1148 268 dedit

201 283 353 306 bibliotheca
366 282 529 311 Trevirensis3
549 283 580 305 ad
593 281 710 304 amussim
724 282 838 312 congruit
851 289 905 304 cum
920 282 1026 304 editione
1041 288 1054 303 a
1071 279 1147 302 Chou—

204 320 251 340 Iani
264 326 287 348 p.
304 319 334 340 16
349 317 492 347 descripta.)
506 328 536 332 —
555 324 574 339 s.
588 316 603 339 l.
618 320 641 339 et
655 323 676 339 a.
692 316 713 338 4.
736 320 844 338 choulant.
856 328 885 332 —
905 325 924 339 s.
938 316 952 339 1.
967 320 990 339 et
1000 323 1021 339 a.
1037 316 1059 338 li.
1081 319 1147 337 Chou-

202 357 253 375 lant.
271 364 301 368 ——
322 352 445 380 Venetus,
465 352 600 381 impressus
619 358 665 381 per
678 350 850 373 Rei-nardinum
866 351 971 374 l'enetuin
985 352 1011 373 de
1029 350 1146 373 Vitalibns.

207 389 279 410 4506.
300 390 320 410 4.
343 388 372 409 12
384 387 447 417 plag.
464 391 487 408 Β,
499 392 521 408 et
531 389 640 408 comitant.
655 397 685 401 —-
704 386 815 409 Yeneliis
831 387 902 409 1508.
924 387 944 408 4,
968 387 996 408 12
1008 385 1070 416 plag.
1091 385 1147 412 (Di-

203 429 275 445 versa
293 422 367 445 editio
385 428 398 444 a
417 421 502 451 priori,
522 421 579 444 licet
597 421 702 443 maxime
722 421 826 447 similis.)
847 425 870 442 Β.
889 433 918 436 -
934 420 1047 449 Cadomi,
1063 427 1106 443 ere
1121 423 1146 442 01.

202 457 320 487 impensis
330 455 399 479 Mic-lt.
410 455 497 484 Anyier
510 460 533 478 et
543 455 576 478 Jo.
589 455 663 480 Mace,
679 463 756 485 opera
769 464 829 479 vero
840 456 910 479 Laur.
921 456 1063 486 Hostingue.
1074 456 1146 477 4509.

203 494 225 514 8.
239 495 348 514 Choulaut.
358 502 389 506 -—
407 490 521 513 †Parisiis
538 492 599 513 4514
614 490 654 513 die
669 492 700 513 29
715 491 784 513 Mart.
800 492 821 513 S.
837 493 867 513 56
879 491 926 513 soll.
939 502 968 506 —
984 489 1085 514 Cadomi
1095 497 1113 512 s.
1125 496 1145 511 a.

202 528 224 549 8.
242 533 299 549 cum
317 525 558 556 interpretationibus
577 524 699 548 Giiillermi
718 524 849 548 Gueroalcli.
872 525 947 548 Rivin.
966 525 1006 548 Nr.
1022 526 1096 547 6389.
1114 536 1143 539 —

204 560 323 584 †Parisiis
339 561 412 583 4522.
431 562 452 583 8.
472 567 528 583 cum
545 560 789 590 interpretationibus
802 560 872 586 Guill,
886 559 1024 583 Gueroaldi.
1040 561 1087 582 459
1098 558 1145 581 soll.

200 600 224 617 Β.
244 595 382 626 (Ejusmodi
396 595 518 618 editiones
530 595 615 625 plures
630 599 737 624 exstant,
758 602 771 617 a
787 594 899 618 Chouliint
912 602 936 625 p.
952 596 981 617 48
997 594 1144 624 descriptae

200 634 254 652 Bibl.
263 634 346 652 netess.
357 636 378 652 et
388 633 452 652 cand.
470 642 499 645 —
521 630 547 653 ln
560 630 690 653 Banksiani
704 630 811 660 exempli
828 630 918 660 pagina
935 629 1069 660 penultima
1081 628 1145 658 legi-

200 670 251 688 tur:
272 665 375 689 «Macer
394 665 495 688 floridus
514 665 562 688 deo
576 666 640 688 duce
661 665 701 688 hic
719 672 788 688 suam
809 665 872 695 capit
890 665 1021 694 periodum
1034 663 1145 686 Parisius

200 700 302 730 quidem
316 704 431 723 exaratus
443 707 488 730 pro
503 699 618 730 Magistro
633 699 698 722 Petro
711 699 834 729 Baquelier
846 699 1068 729 Gratianopolitano
1081 705 1144 721 anno

202 734 291 758 Christi
311 736 415 761 4522»)
436 747 465 750 -
492 732 621 757 *Aemilius
639 734 717 757 Macer
738 736 769 757 de
792 735 926 757 herbarum
946 733 1076 757 virtutibus
1095 734 1145 763 jam

200 769 305 800 primum
319 770 488 797 emaculatior,
506 770 645 800 tersiorque
663 770 686 792 in
704 770 786 792 lucem
800 770 901 792 aeditus.
920 769 1053 792 Praeterea
1067 767 1146 790 Strati·

201 805 269 833 Galli,
284 809 372 834 poetae
384 809 407 827 et
420 805 528 835 theologi
541 804 676 833 clarissimi,
689 804 805 828 Hortulus
815 804 1026 832 vernantissimus,
1039 807 1145 833 uterque

201 839 300 863 scholiis
311 839 408 862 ,loannis
419 838 686 862 Atrocianiillustratus.
699 839 811 863 Basileae
826 839 899 869 (apud
909 839 1029 862 Joannem
1038 837 1145 861 Fabrum

202 874 331 898 Emmeum
345 875 519 898 Juliacensetn.
532 874 690 900 MDXXth.)
707 876 728 896 S.
744 875 796 901 (S),
813 876 842 896 73
855 874 902 896 soll.
916 873 1011 903 absque
1024 872 1144 896 iconibus.

201 913 255 932 nihl.
272 913 331 931 univ.
347 913 403 936 Lips.
426 921 455 924 —
484 907 612 931 *Aemilius
631 908 710 931 Macer
727 910 758 932 de
777 909 909 931 herbarum
925 908 1069 935 virtutibus,
1089 914 1144 930 cum

201 944 302 968 Joannis
315 944 439 967 Atrociani
453 943 634 967 commentariis
646 943 719 973 longe
733 943 877 971 utilissimis,
897 947 921 965 et
934 949 1059 972 nunquam
1073 946 1145 964 antea

203 979 338 1009 impressis.
352 980 389 1002 Ad
402 979 472 1002 haec.
487 978 566 1001 Strabi
579 978 652 1007 Galli,
665 982 756 1008 poetae
770 982 794 1001 et
806 977 914 1008 theologi
928 977 1067 1005 clarissimi,
1081 976 1146 999 Hor-

202 1014 266 1037 tulus
280 1014 488 1037 vernantissimus.
505 1013 578 1043 Apud
592 1013 737 1043 Friburgum
750 1013 910 1043 Brisgoicum.
929 1012 1064 1041 (Fi-iburgi,
1078 1012 1145 1041 apud

201 1049 320 1072 Joannem
339 1048 445 1072 Fabrum
464 1048 593 1074 Emmeum
612 1048 786 1071 Juliacensem.
808 1048 889 1074 1530.)
913 1049 935 1069 8.
959 1048 1012 1076 (4),
1035 1048 1081 1069 408
1097 1046 1144 1069 soll.

201 1087 255 1105 nihl.
265 1088 322 1106 univ.
332 1087 388 1110 Lips.
400 1094 430 1098 —
445 1081 556 1105 Aemilius
572 1082 651 1105 Macer
663 1083 695 1105 de
708 1083 842 1105 herbarum
854 1082 995 1110 virtutibus,
1010 1089 1066 1104 cum
1079 1081 1145 1105 veris

201 1118 285 1148 figuris
298 1118 440 1145 herbarum,
454 1117 654 1148 graduationibus
667 1118 821 1147 simplicium,
836 1117 1019 1140 nomenclatura
1033 1121 1057 1139 et
1070 1116 1146 1139 inter-

201 1153 339 1183 pretatione
352 1152 464 1183 polonica
479 1152 611 1175 herbarum
624 1157 647 1175 et
657 1152 799 1175 morborum
810 1153 949 1176 secundum
960 1152 1048 1175 seriem
1059 1151 1146 1181 alpha-

201 1188 264 1217 beli,
287 1192 311 1211 et
330 1187 482 1217 expositione
506 1187 664 1210 terminorum
682 1187 846 1210 obscurorum
867 1191 1035 1210 contentorum
1057 1186 1081 1209 in
1098 1186 1145 1209 hoc

200 1230 285 1252 opere,
299 1230 345 1252 per
359 1222 438 1244 Simon
453 1223 478 1244 do
492 1221 580 1245 Loricz.
595 1222 738 1251 Cracoviae,
752 1230 781 1245 ex
795 1222 891 1245 officina
906 1221 1058 1252 Ungleriana.
1072 1222 1144 1243 4537.

203 1259 224 1280 8.
243 1265 299 1280 011111
317 1258 346 1280 ic.
360 1258 453 1288 xylogr.
471 1258 484 1280 i.
497 1262 511 1280 t.
524 1261 594 1279 Riviu.
613 1269 642 1272 —
670 1256 764 1280 *iliaci-i
777 1258 808 1280 de
822 1257 924 1280 materia
937 1257 1034 1280 medica
1048 1256 1103 1279 libri
1116 1255 1144 1278 Y.

201 1292 314 1316 versibus
324 1292 464 1322 conscripti.
476 1292 524 1315 Per
535 1292 619 1315 lanum
629 1291 766 1315 Carnarimn
780 1292 904 1315 medicum
917 1291 1047 1321 physicum
1058 1298 1146 1314 emen-

202 1327 251 1350 dati
271 1331 294 1350 et
313 1327 430 1355 annotati,
450 1331 471 1350 et
491 1334 616 1357 nunquam
630 1331 702 1350 antea
716 1335 745 1350 ex
758 1331 808 1350 toto
822 1327 888 1350 editi.
908 1327 1028 1349 Contenta
1042 1326 1145 1356 singulis

202 1362 277 1386 libris.
290 1363 299 1385 1
310 1366 334 1385 et
344 1362 371 1385 11.
388 1362 425 1385 De
439 1362 522 1385 herbis
536 1367 560 1385 et
572 1362 658 1392 plantis
670 1362 821 1393 vulgaribus.
834 1363 869 1385 Ill.
883 1362 919 1385 De
932 1361 1019 1392 plantis
1033 1361 1146 1391 peregri-

202 1398 246 1420 nis.
260 1397 308 1420 1111.
323 1397 426 1427 (Ignoti)
442 1398 473 1420 de
484 1397 632 1427 quibusdam
646 1397 741 1427 plantis,
755 1397 863 1427 itemque
874 1397 1013 1419 animalium
1026 1396 1144 1426 partibus,

202 1439 230 1455 ac
243 1437 323 1455 terrae
337 1432 478 1461 speciebus.
492 1432 520 1454 V.
536 1431 684 1455 (Martioilaei
710 1433 740 1455 de
755 1432 879 1462 lapidibus
896 1435 920 1454 et
936 1431 1046 1461 gemmis.
1068 1431 1145 1453 Frau-

203 1467 300 1495 cot'urli,
315 1467 435 1490 Christian
449 1466 585 1496 Egenolph.
601 1467 702 1493 (1540.)
718 1469 740 1489 8.
755 1468 819 1495 (11),
836 1468 882 1489 132
895 1466 942 1488 soll.
956 1466 1052 1495 absque
1066 1465 1146 1487 iconi-

202 1502 256 1524 bus.
270 1505 324 1523 Bibl-
332 1505 389 1523 univ.
400 1505 456 1528 Lips.
467 1513 497 1516 —
518 1498 571 1524 *De
585 1501 717 1524 herbarum
729 1501 858 1524 virtutibus
871 1500 965 1523 Aemilii
977 1499 1053 1522 Mami
1064 1499 1145 1522 Vero-

202 1537 286 1559 nensis
305 1536 486 1566 elegantissima
504 1534 589 1566 poesis
608 1543 665 1559 eum
683 1536 810 1559 succincta
829 1536 960 1559 admodum
974 1535 1107 1557 dislicilium
1122 1539 1145 1557 et

202 1572 364 1594 obscurorum
382 1571 493 1594 locorum
511 1571 539 1594 D.
557 1570 649 1599 Georyii
662 1570 767 1594 Ρίειονιί,
787 1570 915 1601 Villingani
928 1569 1041 1593 Doctoris
1054 1569 1144 1592 medici

204 1611 228 1629 et.
249 1606 314 1636 apud
337 1605 408 1629 Caes.
430 1606 525 1629 Curiam
545 1605 693 1628 Ensishemii
714 1604 874 1633 archiatrum,
898 1605 1050 1635 expositione
1073 1608 1144 1627 antea

203 1648 327 1671 nunquam
352 1641 375 1663 in
399 1641 480 1664 lucem
503 1640 574 1663 edita.
602 1640 802 1663 Adliaerentibus
825 1641 944 1670 graduum
966 1639 1144 1669 compendiosa

190 1676 283 1702 vtabula
305 1675 463 1705 omniumque.
485 1675 525 1698 hio
548 1679 718 1698 contentorum
740 1676 863 1698 fructuoso
886 1675 980 1703 indice,
1005 1678 1029 1697 et
1050 1674 1073 1697 in
1095 1674 1144 1697 fine

203 1710 320 1739 elencho,
340 1714 366 1733 ut
384 1710 490 1741 quisque
512 1710 584 1733 facile
603 1718 633 1733 ex
653 1718 683 1733 eo
702 1710 824 1740 percipiat
844 1710 951 1733 omnium
970 1709 1111 1732 morborum
1131 1716 1144 1732 a

202 1752 297 1769 summo
316 1745 411 1768 vertice
430 1745 461 1768 ad
479 1745 541 1768 imos
559 1745 639 1775 pedes
657 1745 829 1768 medicinalem
849 1752 940 1768 curam.
961 1744 1022 1767 Cum
1036 1744 1143 1767 carmine

202 1782 233 1804 de
251 1780 328 1805 tiesba
341 1781 449 1810 quadam
465 1780 573 1807 exotica,
592 1781 663 1810 cujus
682 1788 770 1803 nomen
788 1780 875 1803 mulier
889 1784 927 1802 est
943 1780 1034 1807 rixosa,
1055 1779 1144 1802 eodem

202 1815 232 1838 D.
246 1814 341 1844 Georgia
356 1813 453 1837 Pictorio
465 1814 601 1844 Villingano
619 1819 712 1838 autore.
730 1815 856 1843 Basileae,
870 1815 940 1844 impr.
953 1822 999 1844 per
1012 1814 1145 1837 Henricum

202 1850 274 1874 Petri.
290 1851 387 1877 (mense
400 1849 486 1873 Martio
503 1850 588 1876 1559.)
608 1851 629 1872 8.
651 1850 709 1877 (12)
723 1850 784 1875 foll,
803 1851 849 1872 199
862 1857 896 1880 p.,
911 1850 940 1872 ic.
953 1849 1045 1879 xylogr.
1059 1849 1072 1871 i.
1086 1853 1101 1872 t.
1113 1860 1143 1864 —

207 1883 262 1908 ⁸De
284 1885 420 1908 herbarum
438 1885 567 1907 virtutibus
586 1884 680 1907 Aemilii
697 1884 773 1907 Macri
790 1885 941 1907 Veronensis
964 1884 1144 1914 elegantissima

201 1919 286 1950 poesis
305 1927 361 1943 cum
377 1919 504 1943 succincta
518 1920 649 1942 admodum
663 1919 796 1943 difficilium
811 1923 835 1942 et
848 1919 1011 1942 obscurorum
1027 1919 1144 1947 locorum,

201 1955 230 1978 D.
248 1953 340 1984 Georgii
359 1954 600 1985 PictoriiVillangani
618 1955 725 1978 doctoris
745 1955 846 1983 Medici,
867 1958 891 1977 et
910 1954 976 1984 apud
996 1954 1144 1977 Caesaream

202 1989 294 2013 curiam
305 1989 451 2013 Ensishemii
464 1989 521 2012 olim
534 1990 688 2018 archiatrum,
702 1990 861 2020 expositione,
873 1990 923 2019 jam
937 1990 1037 2012 (1011111111
1051 1996 1144 2011 5111111113

162 2027 166 2035 ‘
202 2025 326 2055 diligentia
339 2025 461 2055 castigata.
476 2029 500 2047 et
513 2025 536 2047 in
549 2025 632 2048 lucem
646 2025 717 2048 edita.
729 2024 928 2048 Adhaerentibus
942 2024 1062 2054 graduum
1077 2042 1144 2046 .....

203 2066 294 2082 curam.
308 2060 369 2083 Cum
383 2059 491 2083 carmine
501 2060 532 2083 de
546 2059 624 2083 herba
635 2060 742 2090 quadam
754 2060 857 2088 exotica,
872 2061 942 2090 cujus
956 2066 1047 2082 nomen
1058 2059 1146 2081 mulier

162 2091 166 2106 '¹
203 2098 240 2118 est
260 2095 353 2123 rixosa,
376 2094 465 2118 eodem
484 2094 513 2117 D.
531 2094 626 2124 Georgia
644 2093 741 2117 Pictorio
758 2094 896 2125 Villingano
916 2098 1007 2117 autore.
1032 2093 1145 2116 Basileae

204 2136 261 2159 ‹per
274 2129 445 2153 Sebastianum
458 2129 626 2160 Henricpetri,
650 2137 713 2152 anno
733 2136 745 2152 a
760 2129 855 2153 Christo
871 2133 930 2152 nato
944 2129 992 2153 CIL)
1006 2129 1034 2151 13
1047 2128 1143 2155 XXCI.)

205 2166 226 2186 8.
241 2165 280 2190 (S)
294 2164 353 2193 foll,
367 2165 416 2187 206
427 2172 458 2194 p.⁷
472 2164 502 2187 ic.
516 2165 607 2195 xylogr.
621 2165 634 2187 i.
647 2169 672 2193 t.,
688 2166 697 2187 4
711 2164 794 2187 folium
809 2171 865 2187 cum
877 2164 1024 2187 indicatione
1038 2164 1146 2193 impres-

158 2213 161 2221 t
202 2198 285 2222 sionis.
302 2203 356 2221 Bibl.
372 2203 430 2221 univ.
445 2203 501 2226 Lips.
520 2211 549 2215 —
571 2198 665 2222 Henrici
683 2198 796 2222 Ranwvii
813 2199 887 2222 editio
907 2200 1011 2222 duorum
1029 2199 1145 2221 librorum

204 2232 279 2255 Macri
291 2234 323 2257 de
335 2234 463 2257 virtutibus
477 2234 617 2260 herbarum,
632 2235 663 2257 de
677 2234 825 2265 quibusdam
840 2234 977 2257 animalium
991 2233 1103 2264 partibus
1117 2241 1145 2256 ac

203 2272 283 2291 terrae
296 2269 434 2299 speciebus.
457 2270 568 2299 Itemque
582 2271 613 2292 de
627 2269 813 2292 medicamentis
826 2269 900 2292 totius
914 2268 1026 2298 corporis
1038 2269 1146 2291 humani.

203 2302 257 2326 Jam
278 2308 392 2327 recenter
414 2311 444 2327 ex
465 2304 616 2328 bibliotheca
637 2311 682 2327 sua
700 2304 917 2334 Bredenbergensi
936 2304 1144 2333 depromptoruin,

204 2345 309 2368 quorum
331 2339 397 2368 prior
417 2338 522 2362 antehac
544 2347 593 2362 non
614 2343 663 2362 tam
681 2340 813 2362 emendate
831 2339 916 2363 extitit,
940 2338 1061 2368 posterior
1084 2338 1110 2365 (i.
1124 2346 1144 2361 e.

205 2373 286 2395 Sereni
299 2371 419 2395 Santonici
431 2380 531 2397 carmen
546 2375 595 2404 jam
614 2378 684 2397 antea
702 2374 805 2404 saepius
822 2373 979 2403 impressum)
1000 2380 1059 2397 vero
1073 2377 1145 2395 antea

203 2407 266 2437 typis
279 2415 405 2438 nunquam
418 2408 461 2431 suit
474 2416 607 2438 expressus
621 2413 666 2432 etc.
682 2409 795 2432 Accessit
807 2408 895 2431 incerti
907 2408 997 2431 autoris
1011 2408 1145 2438 Speculum

202 2442 370 2471 medicorum,
384 2450 414 2465 ex
428 2444 516 2466 eadem
527 2443 679 2467 bibliotheca
692 2444 715 2466 iu
728 2444 808 2467 lucem
824 2443 921 2466 editum.
939 2443 1086 2473 Hamhurgi,
1102 2450 1146 2465 ex-

204 2478 311 2500 cudebat
321 2478 431 2501 Jacobus
440 2477 553 2502 Wolsius.
564 2480 637 2502 1590.
652 2480 674 2501 S.
684 2491 713 2495 —
729 2479 825 2509 Integra
837 2478 911 2501 editio
921 2485 1024 2501 recusa:
1039 2477 1144 2507 Lipsiae.

204 2513 270 2542 apud
292 2513 414 2536 haeredes
436 2512 536 2536 Joauuis
557 2513 715 2537 Steinmanni.
735 2515 808 2536 1590.
829 2514 850 2536 8.
873 2517 980 2535 choulant.
999 2524 1028 2528 —
1049 2511 1146 2534 *Macer

204 2546 311 2570 Floridus
324 2548 355 2570 de
368 2547 460 2570 viribus
478 2547 612 2571 herbarum
624 2555 671 2571 una
685 2556 742 2572 cum
760 2547 891 2577 ll'alofm'di
905 2547 1035 2571 Strabonis.
1052 2546 1145 2569 Othonis

207 2580 364 2605 Cremonensis
377 2586 402 2605 et
415 2582 511 2604 Joannis
524 2581 592 2605 Folc:
605 2583 754 2606 carminibus
768 2583 851 2606 similis
864 2583 1011 2613 argumenti,
1027 2589 1090 2612 quae
1104 2589 1146 2604 se-

204 2618 313 2641 cundum
333 2617 433 2640 codices
450 2617 630 2647 manuscriptos
644 2622 667 2641 et
678 2622 778 2642 veteres
793 2617 915 2641 editiones
927 2617 1065 2645 recensuit,
1085 2624 1146 2646 sup-

202 2652 290 2681 plevit,
317 2657 341 2675 et
365 2652 520 2675 adnotatione
545 2652 627 2675 critica
652 2653 761 2676 instruxit
783 2652 879 2682 Ludwiy
904 2651 1021 2675 Choulant.
1043 2651 1146 2675 Accedit

203 2686 319 2716 Anonymi
335 2694 435 2710 carmen
455 2694 570 2718 graecum
584 2687 615 2710 de
632 2687 730 2717 herbis,
747 2689 814 2718 quod
829 2695 842 2712 e
856 2688 944 2711 codice
956 2686 1143 2711 vindobonensi

134 2728 252 2757 Pmrzat,
271 2730 343 2754 Thes.
357 2731 388 2754 lit.
403 2731 452 2754 bot.

1128 119 1195 150 ⁴77

1183 764 1249 788 6386
1258 762 1267 773 *

1183 981 1250 1006 6387

1183 1238 1268 1264 6388*

1183 1354 1249 1377 6389

1183 1431 1268 1455 63901·

1183 1541 1265 1567 6391’

1183 1725 1267 1752 6392*

1182 1840 1269 1866 63931·

1183 1916 1267 1944 6394*

1183 2066 1269 2092 (1395Ἶι

1183 2285 1268 2310 63961·

1183 2387 1268 2412 63971-

1183 2651 1249 2675 6398

1639 119 1787 150 MADIOT

1290 212 1355 234 auxit
1380 216 1404 234 et
1426 218 1482 234 cum
1505 210 1628 239 Godosredi
1649 209 1778 233 Her-manni
1800 211 1901 241 suisque
1924 212 2138 235 emendationibus
2161 212 2226 235 edidi

1290 247 1364 269 Julius
1379 246 1454 275 Silliy.
1467 245 1575 275 Lipsiae,
1592 245 1661 268 Voss.
1678 247 1750 268 4832.
1766 247 1786 267 8.
1800 251 1844 274 xu,
1859 248 1906 268 220
1919 254 1941 276 p.
1957 248 1980 273 (1
1990 244 2017 277 ³s4
2030 248 2077 273 th.)

1338 278 1476 301 (Praeterea
1496 277 1560 297 inest
1574 276 1647 297 Macri
1661 275 1746 296 Floridi
1764 281 1863 296 carmen
1880 278 1902 297 in
1918 278 2061 298 collectione
2079 278 2174 299 medica
2188 279 2228 299 Al-

1287 303 1341 322 dina
1363 302 1468 323 venetiis
1488 301 1544 322 1547.
1564 302 1628 322 tolio.
1649 303 1673 321 et
1692 301 1809 327 particula
1829 302 1943 322 carminis
1963 303 1985 322 in
2005 303 2093 323 Nicolai
2109 303 2231 324 Marscalct'

1285 327 1421 348 Encliiridio
1441 329 1568 353 poetarum
1589 327 1786 347 clarissimorum.
1814 327 1938 347 Ersordiae
1953 327 2008 347 tao-2.
2027 327 2044 348 li.
2059 339 2085 343 —-
2106 329 2231 350 «Friderz'ci

1287 352 1384 372 Hoerner
1398 353 1431 373 De
1446 353 1536 372 Aemilio
1551 352 1629 372 Macro
1644 352 1747 377 ejusque
1763 352 1853 372 rariore
1867 352 1940 372 hodie
1955 353 2074 380 opusculo
2090 353 2119 374 de
2134 354 2230 375 virtuti-

1285 377 1331 397 hus
1351 378 1480 398 herbarum
1501 378 1610 398 diatribe.
1637 376 1732 402 Lipsiae
1748 375 1804 397 t'ltjl.
1827 376 1846 397 4.
1869 377 1894 397 *20
1909 383 1947 402 p.»
1972 383 2021 402 jam
2041 383 2113 403 supra
2128 379 2165 399 Nr.
2181 379 2231 400 wit

1285 403 1405 423 recensui.
1421 403 1601 423 Accuratiorem
1612 402 1684 422 illut-ri
1697 402 1830 422 editionum
1845 404 1868 422 01
1880 403 1993 422 codicum
2008 405 2230 429 manuscriptorum

1285 428 1475 453 descriptionem
1491 429 1519 448 cl.
1534 428 1558 448 in
1572 428 1706 448 novissima
1723 427 1886 447 simulantium
1902 433 1922 453 p.
1939 427 2031 453 15—ei.)

1336 454 1435 477 mollire:
1451 454 1544 473 Μαι-0115
1560 453 1646 473 Herba!
1662 453 1793 479 practysxd
1807 453 1838 477 hy
1853 452 1941 473 Doctor
1954 453 2064 479 Lynaoro.
2089 453 2230 475 Translated

1285 479 1325 497 out
1341 478 1404 498 Latin
1420 479 1468 498 into
1484 478 1611 503 Englyshe.
1626 477 1732 502 London,
1748 478 1887 498 excutiebat
1901 477 1990 498 Rohcrt
2004 478 2083 503 wyer.
2099 484 2118 499 s.
2129 484 2149 499 a.
2165 482 2231 505 (post

1285 508 1374 523 annum
1389 503 1457 525 l535.J
1481 504 1508 523 12.
1529 504 1600 524 Ferre
1614 508 1684 524 mser.
1699 503 1721 524 in
1736 503 1795 524 Btbl.
1811 503 1881 524 caud.

1335 528 1427 553 gallice:
1442 528 1486 548 Les
1501 529 1573 549 tleurs
1589 529 1619 548 du
1634 529 1693 549 livre
1709 529 1753 548 des
1767 530 1851 549 vertus
1867 528 1911 548 des
1926 528 2024 553 lierhes,
2040 529 2157 553 compose
2169 529 2230 554 jadis

1285 557 1315 571 en
1330 558 1386 573 vers
1401 553 1470 573 latins
1485 559 1528 579 par
1542 554 1616 573 Macer
1633 553 1730 578 lv'loritle,
1750 555 1774 573 et
1787 553 1880 574 illustre
1894 554 1939 574 des
1954 554 2143 574 commentaires
2158 554 2189 574 de
2202 554 2230 574 ΜΔ

1286 576 1412 598 Gm'llauine
1429 578 1546 600 Giieruult,
1568 579 1680 599 medcciu
1700 585 1711 599 a
1733 579 1809 603 Caeli,
1829 579 1918 599 traduit
1938 583 1968 598 en
1988 583 2045 598 vers
2064 579 2169 603 francais
2189 585 2232 605 par

1284 602 1357 631 Lucas
1377 603 1502 630 Tri-iiibloy,
1518 603 1638 627 Parisien,
1656 604 1800 624 profess-‹2111-
1814 604 1842 624 es
1857 604 1951 624 honnes
1966 603 2080 624 sciences
2094 605 2230 625 mathema—

1283 630 1371 653 tiques.
1399 629 1494 649 Rouen.
1509 628 1593 649 Martio
1608 631 1631 649 ct
1647 629 1741 649 lionore
1755 628 1860 649 Maltard.
1876 629 1932 649 1588.
1953 628 1972 649 8.
1999 628 2058 650 nihl.
2073 630 2132 650 Maz.

1320 654 1419 681 Ι(ιιιοιιε
1443 654 1555 679 ΤιῬηώΙυμ
1576 656 1672 679 septem
1692 654 1768 679 prima
1789 654 1867 679 capita
1882 654 1956 674 Macri
1975 654 2130 675 solummodo
2151 656 2230 675 trans-

1284 678 1346 701 tulit,
1366 680 1471 699 cacteris
1491 680 1616 703 neglectis.
1644 679 1676 699 Ad
1697 679 1750 700 libri
1771 680 1863 699 calcem
1884 679 2020 699 remedium
2039 680 2231 705 ophthalmicum

1284 708 1339 723 cuni
1354 704 1495 724 Νίσου-31130
1510 704 1676 729 descriptione
1691 706 1713 725 et
1729 704 1857 725 virtutibus
1871 704 2013 730 reperitur.)

1308 728 1317 738 “
1333 728 1423 749 danice:
1438 730 1467 750 cl.
1484 729 1566 749 111111111-
1582 730 1735 755 Harpestrenq.
1751 730 1789 750 Nr.
1803 729 1859 750 4143.

1286 764 1482 796 Macfadyen,
1495 766 1591 790 dames.
1614 767 1666 789 The
1687 767 1755 790 Flora
1775 767 1801 790 of
1812 766 1933 796 Jamaica;
1953 773 1965 789 a
1980 767 2131 796 description
2149 768 2176 790 ot'
2190 768 2232 790 the

1287 800 1366 830 plants
1380 802 1406 823 of
1416 801 1466 823 that
1477 802 1564 829 Island,
1579 802 1700 831 arranged
1711 802 1844 831 according
1857 805 1880 824 to
1894 802 1934 824 the
1948 802 2042 824 natural
2056 802 2151 825 orders.
2164 802 2232 825 With

1288 842 1318 857 311
1337 836 1464 865 appendix
1478 835 1616 866 containing
1635 843 1664 858 311
1679 836 1849 859 enumcration
1863 836 1888 858 os
1898 836 1940 859 the
1955 843 2045 865 genera
2060 837 2194 867 according
2207 841 2231 860 to

1286 870 1328 893 the
1342 870 1453 893 Linnean
1470 875 1575 899 system,
1595 871 1642 894 and
1657 878 1686 893 an
1701 878 1773 898 essay
1787 878 1817 893 011
1835 871 1875 893 1110
1889 871 2064 900 geographica]
2078 871 2231 895 distribution

1287 905 1313 927 of
1323 905 1363 928 the
1378 906 1485 935 species.
1504 905 1626 929 Volumen
1638 906 1659 928 l:
1674 905 2108 935 11311111100130030-110-,5111111110530
2121 907 2231 935 London,

1287 940 1420 970 Longman.
1437 942 1509 963 4837.
1527 942 1548 963 S.
1562 946 1606 970 xll,
1622 942 1666 963 351
1681 948 1705 970 p.
1721 942 1765 967 (15
1777 942 1808 967 s.)

1287 981 1514 1014 Macgfflivray,
1531 982 1653 1006 Il'illt'anz.
1678 984 1698 1006 Α
1711 983 1810 1006 Manu-al
1824 983 1850 1006 of
1867 984 1968 1011 botany:
1989 984 2140 1013 comprising
2153 992 2232 1014 vege-

1288 1018 1354 1041 tahle
1374 1022 1488 1046 anatomy
1508 1019 1555 1041 and
1573 1018 1732 1049 1)liysiology;
1750 1026 1776 1040 or
1791 1025 1821 1040 311
1835 1022 1940 1040 account
1954 1018 1980 1040 os
1995 1018 2035 1040 the
2048 1022 2171 1042 structure
2184 1020 2233 1042 and

1287 1053 1410 1075 fonctions
1432 1054 1458 1076 of
1477 1054 1569 1083 plants;
1592 1053 1649 1076 with
1673 1060 1703 1075 an
1723 1053 1814 1076 outline
1833 1053 1858 1075 of
1878 1053 1919 1075 the
1933 1052 2058 1075 Linnaean
2073 1054 2119 1076 and
2140 1054 2232 1077 natural

1288 1092 1406 1115 systems,
1425 1088 1473 1111 and
1493 1095 1506 1111 a
1525 1089 1636 1118 glossary
1655 1088 1681 1110 of
1696 1092 1772 1110 terms
1786 1088 1833 1111 and
1852 1088 1936 1112 index:
1956 1087 2014 1110 xxiiii
2028 1088 2171 1111 wood-cuts
2185 1090 2232 1111 and

1288 1123 1336 1145 214
1352 1124 1476 1152 engraved
1491 1124 1590 1153 ligures.
1604 1123 1705 1146 London
1723 1123 1794 1145 1840Δ
1811 1124 1831 1145 S.
1848 1123 1897 1149 (48.
1912 1122 1965 1148 ed.)

1334 1153 1411 1174 (loom
1436 1156 1504 1174 autor
1528 1154 1675 1179 compendia
1697 1158 1710 1173 a
1738 1153 1833 1173 lt'i'llz'am
1859 1153 1973 1179 ll'illierinq
1995 1154 2019 1173 ct
2043 1152 2116 1173 dames
2135 1153 2232 1174 Eilward

1285 1179 1352 1206 Smilh
1369 1179 1458 1204 scripta
1475 1180 1544 1200 novis
1560 1179 1707 1199 editionibus
1718 1180 1817 1201 curavit,
1833 1180 1855 1199 et
1867 1178 1957 1199 Achillis
1970 1178 2067 1198 [tit-hard
2081 1179 2231 1200 .‹N‹›tiveat1x

1283 1204 1391 1225 elemens
1406 1205 1437 1224 de
1452 1205 1597 1230 notariique„
1613 1205 1707 1229 anglice
1722 1204 1812 1231 vertit.)

1287 1240 1466 1271 Machacka,
1478 1241 1544 1265 Kar-l
1553 1241 1741 1265 Borronmcus.
1759 1242 1916 1271 Conspectus
1927 1241 2232 1271 geognostieo-botanicus

1289 1276 1373 1299 circuli
1388 1277 1579 1300 Boleslaviensis
1593 1277 1616 1299 in
1631 1277 1757 1300 Bohemia.
1772 1276 1799 1299 D.
1813 1276 1984 1303 vindobonae,
1999 1276 2233 1306 typ.Uet›erreu1er.

1290 1312 1362 1334 4843.
1378 1314 1399 1335 s.
1414 1313 1444 1335 43
1457 1320 1480 1341 p.

1286 1354 1358 1378 Mac
1370 1355 1485 1384 Intosh,
1501 1355 1528 1378 E.
1554 1355 1607 1378 The
1626 1363 1682 1378 new
1696 1355 1743 1377 and
1763 1355 1892 1384 improved
1912 1354 2029 1384 practical
2049 1355 2172 1384 gardener
2185 1356 2232 1378 and

1286 1391 1389 1413 modern
1403 1391 1585 1413 horticulturist.
1601 1390 1702 1413 London
1719 1390 1791 1412 1844,
1807 1391 1828 1412 8.
1844 1389 1889 1416 (ll.
1906 1391 1953 1414 is.)

1286 1432 1432 1463 Mackay,
1447 1433 1535 1457 „lanies
1553 1432 1708 1456 Townseml.
1731 1434 1750 1455 A
1770 1433 1898 1462 catalogue
1916 1433 1942 1455 of
1957 1433 1998 1455 the
2018 1432 2100 1462 planis
2117 1433 2192 1456 found
2209 1434 2233 1456 in

1287 1468 1395 1497 Ireland,
1409 1469 1468 1491 with
1482 1468 1648 1498 (lescriptions
1662 1469 1688 1491 ot'
1699 1474 1767 1490 some
1782 1468 1808 1490 oi
1818 1468 1859 1490 1110
1873 1474 1941 1490 rarer
1954 1471 2023 1490 sorts.
2038 1468 2120 1490 Parti.
2135 1468 2231 1493 Dublin,

1287 1503 1313 1526 R.
1327 1504 1478 1531 Graisberry.
1494 1505 1567 1526 1825.
1583 1504 1604 1525 4.
1619 1504 1650 1525 98
1663 1510 1686 1532 ρ.

1456 1544 1525 1567 Flora
1539 1543 1681 1572 hibernica,
1696 1543 1847 1572 comprising
1861 1543 1901 1565 the
1914 1543 2043 1573 ssowering
2056 1543 2144 1572 plants,
2158 1543 2231 1571 serns,

1287 1580 1442 1603 Charaeeae
1463 1579 1554 1607 Musei,
1573 1578 1723 1608 Hepaticae,
1738 1577 1860 1600 Lichenes
1874 1578 1922 1600 and
1937 1577 2012 1608 Algae
2026 1578 2052 1600 of
2062 1578 2171 1607 lreland⁷
2192 1585 2232 1601 ar-

1286 1615 1380 1644 ranged
1399 1614 1533 1643 according
1551 1618 1575 1636 to
1595 1613 1636 1636 the
1656 1613 1749 1635 natural
1769 1616 1873 1642 system⁷
1898 1612 1957 1635 with
1978 1620 1989 1635 3
2011 1613 2129 1642 Synopsis
2149 1613 2175 1635 of
2191 1613 2231 1636 the

1286 1656 1377 1679 genera
1397 1649 1531 1678 according
1548 1653 1571 1671 to
1590 1649 1630 1671 the
1644 1648 1769 1671 Linnaean
1788 1651 1886 1675 system.
1910 1647 2011 1674 Dublin,
2025 1647 2133 1670 william
2147 1648 2231 1676 Curry,

1286 1685 1329 1707 lnn
1343 1684 1390 1707 and
1404 1683 1446 1707 Co.
1463 1685 1535 1706 1836.
1551 1685 1572 1706 8.
1586 1688 1669 1711 xxxiv,
1685 1683 1746 1711 354,
1762 1684 1810 1704 279
1822 1690 1845 1711 p.
1860 1683 1946 1709 (les.)

1286 1725 1481 1755 Mackenzie,
1502 1726 1602 1756 Geor-qe
1617 1725 1742 1749 Stewart.
1770 1725 1871 1748 Travels
1893 1725 1916 1748 in
1936 1725 1978 1748 the
1997 1726 2076 1748 island
2095 1726 2231 1749 oflceland

1288 1762 1376 1792 during
1389 1762 1429 1784 the
1442 1768 1551 1784 summer
1565 1762 1591 1784 of
1600 1761 1642 1783 the
1655 1768 1716 1788 year
1732 1762 1773 1782 481
1783 1762 1804 1782 O.
1822 1759 1866 1783 Ed.
1878 1760 1904 1783 ll.
1925 1760 2083 1790 Edinburgh,
2098 1761 2230 1784 Constable

1287 1801 1310 1821 et
1321 1798 1362 1821 Co.
1379 1798 1451 1819 1812.
1468 1797 1489 1818 4.
1503 1802 1545 1824 xv,
1561 1797 1605 1819 494
1620 1803 1656 1825 p.,
1674 1795 1762 1818 15131).
1778 1794 1821 1822 (31.
1835 1796 1884 1821 3s.)

1286 1840 1357 1864 Mac
1371 1839 1497 1868 Mahon,
1512 1838 1644 1862 Bernarcl.
1668 1839 1689 1862 Α
1709 1838 1838 1868 catalogue
1857 1838 1883 1860 os
1898 1838 2023 1860 american
2037 1839 2111 1861 seeds
2125 1839 2179 1861 sold
2198 1839 2231 1869 by

1287 1875 1314 1898 Β,
1328 1874 1459 1898 Μ’ΜαΙιοιι.
1475 1875 1614 1897 seedsman.
1627 1873 1811 1903 Philadelphia,
1824 1877 1874 1902 (ῃ).
1889 1873 1988 1895 Graves.
2004 1874 2078 1896 4806.
2092 1874 2114 1896 S.
2129 1875 2159 1896 30
2171 1881 2195 1903 p.

1286 1918 1357 1942 Mac
1369 1917 1442 1946 Nab,
1458 1916 1580 1941 th'lll'am.
1599 1918 1619 1940 A
1632 1916 1731 1940 treatise
1745 1924 1775 1939 on
1789 1916 1830 1939 the
1843 1916 2012 1946 propagation,
2027 1916 2168 1940 cultivation
2183 1917 2231 1939 and

1286 1953 1385 1984 general
1404 1956 1533 1975 treatment
1552 1953 1578 1975 ol'
1588 1951 1759 1982 Capeheaths,
1777 1952 1801 1974 in
1821 1958 1834 1973 3
1848 1951 1942 1974 climate
1955 1951 2041 1974 where
2060 1951 2118 1979 they
2132 1951 2230 1981 require

1287 1988 1424 2019 protection
1448 1987 1537 2017 during
1557 1987 1599 2010 the
1623 1986 1815 2009 winterniontlis.
1841 1985 1999 2016 Edinhurgh,
2022 1985 2129 2009 Thomas
2152 1986 2228 2009 Clark.

1289 2025 1362 2046 4832.
1378 2024 1399 2045 s.
1415 2023 1445 2045 43
1458 2030 1493 2052 p.,
1514 2023 1583 2045 ltal).
1598 2022 1642 2045 col.

1287 2064 1469 2097 Macreight,
1484 2065 1512 2088 D.
1529 2065 1554 2089 C.
1573 2065 1672 2089 Manual
1691 2065 1717 2087 of
1733 2064 1820 2087 british
1834 2064 1937 2094 botany3
1958 2064 1981 2086 in
1995 2064 2076 2086 which
2090 2064 2130 2086 the
2144 2064 2228 2086 orders

1287 2102 1335 2125 and
1353 2108 1445 2132 genera
1464 2108 1506 2124 are
1526 2101 1647 2131 arranged
1669 2100 1718 2122 and
1731 2099 1864 2123 described
1884 2099 2019 2129 according
2038 2103 2061 2121 to
2080 2099 2122 2121 the
2136 2099 2229 2121 natural

1286 2141 1378 2165 system
1397 2136 1422 2159 os
1440 2135 1610 2162 DeCandolle;
1632 2135 1690 2158 xxith
1714 2142 1727 2157 a
1749 2134 1827 2157 series
1846 2134 1873 2156 os
1887 2134 2015 2161 analytical
2034 2133 2113 2156 tables
2130 2133 2168 2155 for
2187 2133 2227 2155 the

1287 2171 1421 2195 assistance
1434 2171 1460 2193 of
1470 2171 1510 2193 the
1524 2171 1623 2193 student
1635 2170 1658 2192 in
1672 2170 1712 2192 the
1725 2168 1887 2192 examination
1899 2169 1925 2191 os
1935 2169 1975 2191 the
1990 2168 2069 2198 planis
2082 2168 2228 2197 indigenous

1287 2211 1323 2235 to.
1346 2214 1373 2229 or
1395 2206 1533 2236 commonly
1551 2205 1683 2228 cultivated
1705 2205 1728 2227 in
1749 2204 1822 2227 Grcat
1840 2203 1937 2226 Britain.
1963 2203 2076 2230 London,
2095 2202 2226 2225 Churchill.

1289 2242 1474 2268 4837,8.xv11,
1488 2242 1536 2263 296
1549 2248 1572 2270 p.
1588 2242 1637 2267 (Ts.
1652 2239 1704 2266 fid.)
1719 2251 1749 2255 —
1763 2239 1865 2262 London
1882 2239 1954 2260 1344.
1969 2239 1990 2260 8.

1286 2283 1457 2313 Macvicar,
1470 2283 1543 2306 John.
1563 2283 1740 2307 Observations
1760 2290 1790 2304 on
1810 2281 1851 2304 the
1866 2281 2025 2311 germination
2040 2281 2066 2302 of
2077 2280 2117 2303 the
2131 2280 2226 2303 Filiees,

1286 2319 1439 2349 Edinburgh,
1452 2323 1503 2349 typ.
1517 2319 1587 2342 Neill.
1604 2318 1676 2340 1824.
1693 2318 1714 2339 li.
1729 2318 1741 2339 8
1754 2323 1790 2346 p.,
1807 2318 1814 2339 4
1831 2317 1879 2339 tal).
1893 2316 1937 2338 col.

1332 2351 1414 2375 (From
1431 2351 1469 2370 1110
1484 2349 1655 2370 Transactions
1669 2349 1695 2368 ot
1707 2348 1748 2368 the
1762 2348 1835 2372 Royal
1849 2347 1945 2371 society
1961 2347 1986 2366 ot
1998 2345 2153 2370 Edinhurgh.)

1286 2386 1447 2416 Maddock,
1461 2387 1556 2411 lomes.
1575 2387 1627 2409 The
1642 2385 1738 2409 llorist‘s
1751 2385 1885 2414 directum
1900 2391 1911 2405 a
1926 2383 2024 2405 treatisc
2034 2390 2065 2405 on
2078 2382 2120 2405 the
2131 2383 2226 2406 culture

1287 2423 1314 2446 of
1323 2424 1432 2449 ssowers:
1446 2427 1469 2445 to
1483 2422 1565 2445 which
1579 2422 1598 2445 is
1613 2421 1692 2444 added
1706 2427 1719 2442 a
1733 2419 1933 2449 supplementary
1947 2417 2102 2440 dissertation
2115 2425 2147 2441 on
2160 2418 2225 2446 soils,

1286 2465 1403 2481 manures
1417 2461 1462 2481 etc.
1481 2458 1500 2480 A
1514 2465 1569 2480 new
1584 2456 1687 2481 edition,
1701 2454 1829 2484 improved
1842 2453 1898 2475 with
1913 2456 1981 2475 notes
1995 2453 2042 2475 and
2056 2459 2087 2475 au
2100 2453 2227 2482 appendix

1288 2501 1318 2516 on
1330 2493 1372 2515 the
1386 2493 1479 2516 culture
1494 2493 1520 2515 os
1530 2492 1570 2514 the
1584 2491 1677 2518 Dahtia,
1691 2488 1913 2519 Chrysanthemum
1926 2491 1972 2509 etc.
1985 2487 2095 2516 London,
2109 2487 2225 2518 Harding.

1289 2529 1550 2555 4822.8.xxx11,260
1564 2534 1599 2556 p.,
1614 2528 1626 2548 9
1643 2525 1689 2547 tal).
1704 2524 1747 2546 col.
1762 2523 1834 2552 tnigr.
1850 2524 1902 2544 4⁸28.
1919 2533 1947 2536 —
1964 2522 2008 2544 col.
2026 2521 2069 2548 11.)

1333 2559 1469 2585 yet-mansee:
1495 2558 1618 2581 1111101111115,γ
1638 2557 1673 2576 sur
1692 2553 1905 2577 Blumcntreunde,
1924 2552 1985 2573 oder
2002 2552 2159 2581 Abhandlung
2177 2558 2223 2573 von

1284 2584 1327 2604 der
1351 2584 1434 2604 Kultur
1458 2584 1502 2604 der
1523 2581 1717 2605 vorzuglictislen
1738 2579 1841 2599 Blinnen.
1868 2578 1915 2598 Ans
1938 2578 1995 2598 dem
2013 2578 2157 2603 Englischen
2176 2583 2225 2598 von

1282 2609 1366 2635 August
1381 2609 1479 2629 ll'illielm
1493 2605 1624 2633 Manleuffll.
1640 2605 1728 2629 Berlin,
1744 2604 1865 2628 llimhurg.
1880 2602 1936 2623 4798.
1949 2602 1969 2623 8.
1983 2603 1996 2623 6
2010 2604 2056 2624 tab.
2072 2603 2116 2624 col,
2133 2603 2154 2628 (3
2162 2603 2202 2627 th.)

1284 2649 1408 2674 Madiot.
1426 2650 1462 2673 De
1482 2650 1503 2672 la
1523 2649 1617 2672 culture
1636 2648 1669 2671 du
1688 2646 1791 2674 murier,
1813 2645 1908 2668 reduite
1928 2652 1976 2668 aux
1992 2653 2095 2676 moyens
2112 2645 2149 2669 les
2167 2645 2223 2675 plus

1286 2685 1386 2715 simplas
1397 2689 1420 2708 et
1433 2685 1470 2708 les
1484 2685 1539 2714 plus
1548 2691 1609 2707 surs.
1624 2683 1690 2710 Lyon
1702 2681 1809 2710 etParis,
1819 2680 1926 2704 Perisse.
1940 2681 2014 2704 4826.
2029 2682 2050 2704 8.
2066 2682 2096 2703 32
2107 2688 2139 2710 p.,
2155 2682 2162 2703 1
2174 2680 2222 2703 tab.

1888 2723 1918 2744 23
