2360 2942
530 105 741 140 ZUCCARINI

1157 108 1228 142 330

1615 111 1883 145 DIOSCORIDES

239 197 285 220 der
301 196 518 222 wissenschaften
537 206 576 223 am
597 201 637 223 24.
656 201 717 231 Aug.
739 201 811 223 4833.
835 199 974 229 Munchen,
994 204 1045 230 typ.
1063 199 1175 224 Possen-
1215 199 1316 226 iiio-t·
1336 199 1489 234 zwinger.
1506 201 1630 227 Theodor.
1651 203 1760 228 Examen
1779 205 1917 236 plantarum
1935 206 2143 235 nasturcinarum,
2157 215 2208 239 quo
2221 216 2267 231 ve-

239 231 341 256 bacher.
357 234 431 256 4833.
447 234 467 256 4.
484 235 516 257 26
531 242 555 265 p.
571 232 613 265 (¹s3
631 235 678 262 tlt.)

119 271 220 299 itt76*
239 274 411 306 Zuccarini,
432 276 529 308 loseph
548 277 678 301 Gerhard.
705 278 911 301 Leicbsasslicher
930 276 1067 301 Utiterricht
1088 277 1111 301 in
1129 278 1174 302 der

239 311 439 335 Pssanzenkunde
453 313 491 336 fiir
503 314 551 336 den
566 313 660 343 Bur-ger
673 314 723 335 und
738 313 881 336 Landmann
895 314 944 336 und
959 320 1012 336 zum
1023 312 1173 337 Gebrauche

238 345 261 369 in
276 347 513 371 Gewerlisscliulen.
533 348 658 371 Munchen
673 348 826 377 (Landshut,
840 347 988 375 Thomann.)
1005 348 1079 371 4834.
1099 350 1121 372 8,
1140 354 1172 378 iv,

241 381 290 404 506
305 389 329 412 p.
344 379 387 414 (Ἄ
405 382 452 409 lh.)

409 422 634 452 Naturgeschichte
654 423 699 445 des
712 422 918 447 Pssanzenreichs.
938 423 1073 454 Kempten,
1088 423 1173 448 Daun-

240 456 340 480 heimer.
358 458 431 480 4843.
448 458 468 479 8.
485 458 533 479 322
549 464 584 486 p.,
599 457 676 487 praef.
691 458 714 484 (4
730 457 778 484 tlt.)

242 488 382 538 Bangssltliasn
392 488 543 508 inscribitur:
559 487 577 508 J.
588 490 613 508 Α,
627 488 740 515 11ἀ9ηεν“5
750 489 885 510 tlandbuch
893 489 938 510 der
946 489 1172 517 Naturgeschichte‚

116 546 218 574 44478*
238 548 393 579 zucchini.
407 549 524 573 Andrea.
549 550 628 581 Sopra
641 551 663 574 la
677 551 779 575 Luteola
793 551 883 581 sativa,
902 552 996 582 pianta,
1017 553 1064 576 che
1078 556 1142 576 sotto
1156 552 1171 576 il

236 586 321 615 volgar
340 592 414 608 nome
432 585 455 608 di
469 584 562 609 Bietola
582 586 654 616 gialla
668 587 698 610 da
719 591 803 617 tempo
823 587 1020 611 immemorabile
1039 588 1058 611 si
1073 588 1170 618 coltiva,

237 621 267 643 ed
286 623 300 643 e
320 620 343 643 in
357 621 508 644 commercio
525 628 572 651 per
589 621 612 644 la
630 621 718 645 tintura
733 622 789 646 nell'
805 629 863 653 agro
877 622 1021 646 Cortonese.
1033 631 1053 647 s.
1067 623 1081 646 l.
1096 624 1172 647 4779.

238 657 260 678 8.
277 656 307 678 49
322 662 357 685 p.,
373 657 382 678 4
398 655 447 678 tab.
484 659 538 678 Bibi.
549 660 618 678 noeti.

116 695 217 721 41479*
236 697 398 728 Zueckert,
416 698 521 723 Jolzann
542 699 685 724 Friedrich.
712 700 758 723 Die
778 700 1005 731 Naturgeschichte
1023 702 1074 724 und
1092 701 1171 732 Berg-

233 733 462 765 werksvertassung
475 735 520 758 des
533 735 699 759 Oberharzes,
714 735 807 765 Berlin,
822 734 922 760 Nicolai.
937 738 1011 760 4762.
1027 738 1049 760 8.
1064 738 1112 760 300
1127 744 1152 767 p.

405 775 450 799 Die
470 776 692 807 Naturgeschichte
712 777 809 807 einiger
826 778 962 801 Provinzen
976 779 1022 802 des
1035 778 1171 802 Unterliar-

234 817 284 833 zcs.
298 809 395 840 Berlin,
410 811 512 835 Nicolai.
528 813 602 835 4763.
617 813 639 835 8.
654 813 703 835 242
718 820 742 842 p.

404 852 506 876 Materia
524 853 677 876 alimentaria
694 853 716 876 in
735 861 839 884 genera,
858 853 954 878 classes
967 859 991 878 et
1003 855 1104 886 species
1118 855 1171 878 dis-

234 886 322 916 posita.
335 886 456 917 Bcrani,
470 888 568 919 Mylius.
584 890 658 912 4769,
673 890 694 911 8.
711 889 759 912 427
774 897 798 919 p,

405 929 459 952 Von
479 930 527 953 den
542 930 647 960 Speisen
668 937 713 953 aus
727 931 783 954 dem
797 931 996 961 Pssanzenreich,
1016 932 1078 955 oder
1090 935 1169 954 zwote

233 962 394 994 Fortsetzung
413 965 496 988 seinei·
508 965 676 996 Abhandluiig
693 973 742 989 von
759 966 808 989 den
822 966 1057 997 Nahrungsmitteln.
1079 966 1167 996 Berlin,

233 998 329 1026 Myiius.
346 1000 419 1023 4778.
434 1002 455 1023 8.
470 1001 520 1023 292
535 1007 558 1030 p.

111 1038 213 1065 44483*
233 1040 346 1071 zanek,
362 1041 498 1067 Hermann
513 1042 636 1073 Leopold.
656 1043 702 1067 Die
716 1044 868 1067 nattirlichen
882 1045 1108 1073 Pilanzensysteine
1122 1052 1169 1075 ge-

232 1076 378 1100 schichtlich
399 1078 545 1102 entwickelt.
565 1078 626 1102 Eine
644 1087 692 1102 von
710 1080 755 1102 der
773 1079 994 1109 philosophisehen
1011 1079 1121 1103 Facultat
1139 1087 1168 1102 zu

234 1112 333 1159 Leilpzig
346 1113 465 1143 gekronte
479 1113 641 1137 Preisschrist.
656 1114 762 1145 Leipzig,
774 1115 896 1138 llinrichs.
909 1116 982 1138 4840.
998 1116 1021 1138 8.
1035 1121 1067 1143 Vt,
1082 1117 1131 1138 208
1143 1122 1166 1145 p.

235 1148 260 1174 (1
276 1145 298 1178 sfi
314 1146 361 1175 tlt.)

232 1189 416 1222 Zuppinger,
438 1190 600 1216 Ferzle'nand.
627 1192 674 1216 Die
697 1193 819 1223 glucklicli
842 1193 976 1217 enideckie
996 1193 1103 1217 l'rsache
1122 1193 1168 1216 der

233 1226 485 1255 Kariotielkrankheit‚
499 1228 550 1250 iind
564 1228 608 1251 das
622 1228 789 1258 zuverlassigc
803 1228 894 1251 lcichte
906 1229 982 1252 Mittel
995 1236 1023 1251 zu
1038 1229 1168 1258 sofortiger

234 1261 383 1284 bleibender
395 1261 554 1292 Beseitigung
567 1263 651 1286 dieser
664 1263 829 1293 allgemeinen
840 1264 914 1293 Plage
927 1265 973 1287 der
983 1264 1082 1289 Volker.
1096 1264 1168 1286 nelist

232 1296 292 1319 sehr
301 1296 433 1327 wichtigen
443 1297 624 1328 Andeutungen
635 1297 820 1328 uberGahrung
831 1299 1056 1330 undAnsteckung.
1069 1299 1165 1327 zurich,

233 1331 311 1360 Orell,
326 1331 403 1355 Fussli
418 1335 442 1355 et
455 1332 497 1355 Co.
516 1333 588 1356 4847.
604 1334 626 1355 8.
642 1334 673 1356 29
689 1341 712 1363 p.
728 1330 785 1363 (ssia
801 1333 846 1361 lli.)

232 1374 391 1432 AZwenger,
406 1374 576 1399 Konstantia.
597 1376 719 1400 Nonnulla
732 1377 764 1400 de
778 1377 921 1401 Catecliino.
939 1377 968 1401 D.
987 1376 1076 1401 Gissae
1091 1378 1166 1401 4844.

251 1428 256 1434 .
272 1411 301 1433 ts
316 1418 340 1441 p.

231 1452 406 1483 Zwierlein.
424 1453 454 1478 Κ.
475 1453 503 1478 Α.
535 1455 720 1479 Deutschlands
743 1455 881 1480 Eiehhaum
903 1456 946 1479 mit
966 1455 1054 1479 seinen
1077 1456 1167 1480 hochst

231 1489 380 1513 wirksameti
392 1489 550 1519 Heilkraften,
561 1491 702 1521 vorzuglich
713 1491 736 1514 in
748 1492 795 1514 den
807 1491 936 1520 Fifichtcn,
946 1491 1024 1514 durch
1038 1491 1166 1522 48jahiige

231 1524 369 1590 ἷῖιιῗειίιιὲυἶις
390 1525 515 1556 bestatigt.
539 1526 657 1557 Leipzig,
676 1526 862 1557 Baumgaitiier.
884 1527 958 1550 4824.
985 1528 1006 1549 8.
1033 1532 1058 1555 X,
1080 1528 1126 1550 417
1141 1534 1165 1557 p.

266 1574 276 1589 2
321 1578 324 1582 .

230 1602 381 1635 2winger,
402 1603 545 1627 Friedrich.
570 1604 709 1629 Positioues
727 1605 1022 1630 anatomico-hotanicae.
1044 1606 1164 1635 Basileae,

234 1643 284 1669 typ.
298 1639 403 1662 Decker.
421 1640 495 1662 4734.
511 1639 532 1662 4.
549 1641 575 1662 44
590 1647 613 1670 p.

401 1680 498 1704 Theses
511 1681 806 1706 anatomico-botanicae.
819 1683 847 1706 D.
861 1683 983 1711 Basileae,
997 1687 1049 1713 typ.
1059 1682 1164 1706 Decker.

235 1716 307 1739 4733.
323 1716 344 1739 4.
360 1718 372 1739 8
388 1723 411 1746 p.
426 1716 614 1746 (Respondens:
628 1717 720 1740 Johann
733 1717 843 1741 Heinrich
858 1718 993 1748 Rippeliim.)

231 1757 380 1791 Zvvinger,
393 1759 500 1783 Joltaiin
510 1759 602 1783 lat-011.
620 1760 767 1785 Dissertatio
780 1762 877 1785 medica
891 1761 1042 1792 inauguratis
1052 1762 1084 1785 de
1094 1762 1165 1785 vale—

231 1794 315 1818 tudine
336 1795 474 1825 plantarum
494 1796 604 1819 secunda
624 1800 649 1819 et
667 1797 781 1820 adversa.
804 1797 935 1827 Basileae,
954 1798 1021 1827 apud
1038 1797 1092 1820 Joli.
1111 1797 1162 1821 Jac.

232 1830 386 1853 Genathiuni.
403 1832 476 1854 1708,
492 1831 513 1853 4.
549 1834 619 1852 Rivin.

289 1861 383 1885 [Exstat
410 1862 484 1882 etiam
510 1861 533 1882 in
559 1861 667 1882 Theodori
686 1862 796 1890 Zirinyeri
814 1863 942 1885 Fasciculo
963 1863 1163 1884 dissertationum

235 1886 385 1907 medic-arum
401 1887 558 1908 selectiorum
574 1893 595 1913 p,
609 1887 733 1913 309—358.)

232 1922 384 1955 Zwinger,
403 1923 528 1948 Tlaeeoctor.
550 1924 683 1948 Theatrum
697 1925 851 1954 botanicum,
865 1926 911 1949 das
924 1925 965 1955 ist,
980 1934 1030 1949 neu
1043 1926 1164 1950 vollkom-

231 1966 319 1982 menes
344 1960 532 1989 Krauterbucli,
554 1964 651 1984 erstens
673 1968 703 1984 aii
727 1961 772 1984 das
793 1960 954 1990 Tagesliecht
975 1961 1091 1992 gegeben
1114 1969 1162 1985 von

233 1993 354 2017 Bernhard
370 1994 512 2021 iffa-ascha,
531 1995 554 2018 in
568 1996 625 2019 eine
645 2003 705 2026 ganz
724 2003 790 2019 neue
805 1996 924 2027 Ordnung
942 1997 1077 2027 gebracht,
1098 1997 1161 2020 auch

232 2029 303 2052 melir
315 2030 350 2053 als
367 2030 426 2053 unib
440 2031 480 2053 (lie
494 2030 578 2054 helli'te
591 2031 733 2055 vermehret
745 2032 795 2054 und
808 2032 955 2055 verbesseit
967 2032 1045 2055 durch
1063 2031 1163 2055 Theodor

233 2063 344 2093 Zwinqcr.
359 2064 439 2092 Basel,
452 2066 530 2089 Jakob
544 2066 672 2090 Bertsche.
689 2068 762 2090 4696.
775 2066 839 2089 solio-
855 2069 904 2090 995
918 2075 951 2097 p.,
966 2067 995 2090 ic.
1009 2067 1102 2097 xylogr.
1118 2067 1132 2090 i.
1146 2072 1161 2091 t.

233 2111 263 2115 —
284 2096 434 2122 *Theatrum
456 2100 610 2129 botanicum,
633 2103 679 2125 das
697 2102 740 2131 ist,
761 2101 962 2126 Vollkommenes
981 2102 1160 2132 Krauterbuch,

230 2134 358 2157 worinnen
372 2135 499 2158 allerhand
513 2135 698 2166 Erdgewachse
711 2141 757 2160 etc.
770 2137 817 2160 Itzo
831 2138 958 2162 ubersehn
972 2139 1022 2161 und
1035 2138 1162 2161 verniehrt

231 2169 310 2193 durch
324 2168 442 2192 Friedrich
457 2169 569 2199 Zwiuyer,
584 2172 630 2195 des
643 2172 741 2202 seligen
754 2173 842 2195 Autors
857 2174 883 2200 [ἢ
899 2173 977 2200 4724]
992 2173 1067 2196 Sohn.
1081 2173 1160 2202 Basel,

232 2204 349 2228 Bischofl'.
366 2205 440 2227 4744.
454 2205 518 2228 tolio.
534 2207 574 2232 (6)
591 2207 651 2235 ioll.,
669 2209 733 2230 4216
748 2215 785 2237 p.,
799 2207 859 2237 inti,
874 2209 904 2231 ic.
917 2208 1010 2239 xylogr.
1024 2208 1039 2231 i.
1052 2213 1068 2231 t.

286 2235 435 2261 (Editionent
453 2236 556 2262 primam
575 2236 709 2265 i'erzascliae
723 2239 779 2260 vide
794 2244 868 2264 supra
883 2240 922 2261 Nr.
937 2239 1005 2260 40713.
1030 2239 1089 2260 Sunt
1107 2240 1161 2260 ico-

235 2267 292 2285 nes,
312 2262 400 2288 quibus
417 2262 559 2291 Cantor-arius
576 2267 599 2282 in
614 2263 723 2289 Epitome
737 2269 798 2285 usus
813 2265 905 2288 tuerat,
924 2267 946 2285 et
961 2265 1026 2285 vires
1042 2266 1160 2291 medicae,

235 2289 257 2307 et
273 2291 336 2311 opus
351 2287 431 2312 ipsum
446 2287 568 2311 Mantinon,
584 2292 627 2312 per
643 2289 795 2310 camerarium
810 2292 834 2310 ot
852 2290 998 2311 t'erzascliam
1012 2293 1160 2312 correctum.

236 2312 372 2333 Editionein
385 2312 461 2333 habet
472 2312 664 2341 nyingerianam
679 2314 808 2340 Seyuierus:
823 2315 942 2340 Basiteae,
958 2316 1022 2342 apud
1037 2316 1089 2337 Job.
1102 2316 1160 2337 Phil.

235 2338 380 2359 Richterum.
397 2337 452 2359 1690.
467 2338 546 2363 folio.)

401 2367 598 2391 Lucubrationes
615 2368 776 2392 academicae
791 2369 856 2392 circa
872 2370 1010 2400 plantarum
1025 2371 1161 2394 doctrinam

232 2402 255 2426 in
270 2410 374 2434 genere,
389 2410 446 2426 cuni
460 2402 650 2426 continuatione.
663 2403 778 2426 Basileae
795 2405 868 2427 4698.
885 2405 905 2428 4.
937 2410 1009 2428 Rivin.

385 2457 389 2466 ,
404 2445 439 2468 pr.
458 2437 602 2461 Dissertatio
615 2438 851 2464 botanico-medica,
865 2440 1055 2471 Amygdalarum
1068 2441 1161 2464 tructus

232 2473 342 2501 analysin
362 2472 492 2496 exhibens.
512 2473 625 2496 Basileae
642 2475 714 2496 4703.
737 2474 758 2497 4.
779 2474 957 2503 (Respondens
975 2475 1067 2499 ,ΙοΙιαηη
1084 2476 1161 2499 Ulriclt

231 2507 477 2563 Hewigsslstatme'lixam
503 2539 526 2560 in
553 2539 661 2560 Theodori
682 2539 792 2565 Ziivi'nqeri'
812 2539 938 2561 Fascicuio
961 2541 1159 2563 dissertationum

234 2565 386 2586 medicat-nm
401 2565 558 2585 selectim-uni
573 2570 595 2590 p.
609 2564 730 2590 412-462.)

411 2594 554 2618 Fasciculus
578 2594 776 2617 dissertationum
806 2593 960 2617 medicarum
985 2596 1158 2627 selectiorum3

236 2627 361 2651 Theodorus
374 2628 519 2658 Zwinqerus.
538 2630 609 2660 cujus
622 2629 717 2659 privata
731 2636 804 2657 cura,
824 2629 974 2653 institutione
989 2635 1013 2653 i=t
1026 2632 1126 2660 auxilie,
1145 2640 1158 2656 a

231 2663 282 2686 suis
293 2671 409 2694 quaeque
419 2664 562 2688 auctoribus
572 2664 737 2694 conscriptae,
747 2664 902 2695 publiceque
911 2665 1042 2688 ventilatae
1052 2666 1157 2697 suerunt,

231 2698 330 2725 revidit,
345 2700 496 2728 emendavit,
510 2700 584 2723 anxit.
596 2699 720 2723 Basileae.
735 2699 822 2731 Konig.
839 2701 912 2723 4740.
925 2701 947 2724 8.
961 2700 1010 2724 649
1024 2708 1048 2731 p.
1114 2715 1127 2730 3

119 418 217 445 41477*

115 771 215 797 11480*

113 847 214 874 44484*

114 924 214 951 ilisa*

112 1187 213 1214 44484*

112 1372 212 1398 44485*

112 1450 212 1478 44486*

110 1600 211 1627 44487*

114 1678 210 1704 14488*

113 1759 122 1781 4
134 1758 195 1783 1489

113 1920 213 1947 44490*

112 2367 120 2389 4
130 2367 138 2390 4
147 2366 190 2391 491

112 2437 193 2462 44492

112 2591 211 2617 41493*

1211 516 1294 542 41496
1303 514 1312 526 *

1210 961 1291 986 44497
1300 959 1310 968 *

1205 1681 1305 1708 44498*

1200 2340 1301 2367 iit99*

1335 237 1479 267 getabilium
1493 238 1580 262 horum
1594 244 1715 263 structura
1730 240 1858 268 naturalis,
1879 240 2023 271 qualitates,
2037 242 2102 265 vires
2117 246 2192 273 atque
2205 250 2266 267 usus

1334 272 1356 295 in
1371 272 1417 295 vita
1438 272 1543 296 humana
1562 274 1668 298 salubris
1687 275 1796 299 breviter
1810 283 1839 298 ac
1853 275 1961 299 dilucide
1975 276 2135 306 explicantur.
2149 278 2177 300 D.
2196 278 2266 302 nasi-

1334 307 1402 335 leae,
1416 311 1466 338 typ.
1480 307 1673 333 Thurnisiorum.
1689 311 1762 334 4714.
1778 311 1799 333 4.
1814 316 1868 338 viti,
1884 312 1915 334 92
1931 318 1954 341 p.
1969 311 2160 342 (Responden52
2174 312 2266 336 Johaun

1333 341 1438 372 liudolpli
1453 342 1533 372 stliey.)

1494 397 1498 407 ,
1513 386 1549 409 pr.
1568 378 1606 401 De
1627 379 1789 407 Cymbalaria.
1810 380 1838 404 D.
1856 380 1980 410 Basileae,
1993 385 2044 412 typ.
2057 381 2133 406 Lude.
2149 384 2222 406 4745.
2244 384 2265 406 4.

1333 414 1363 435 20
1376 420 1408 443 p.,
1423 414 1432 436 4
1444 414 1492 436 tal).
1503 414 1549 437 col.
1564 414 1754 444 (Respondensz
1769 415 1860 438 Jotmmi
1868 415 1976 439 Heinrich
1985 415 2121 444 Hermann.)
2133 429 2163 434 —
2181 416 2266 448 'tmpn

1332 455 1388 471 cuin
1405 447 1499 478 IVepser
1512 449 1614 473 Cicutae
1627 450 1756 480 aquaticae
1770 451 1875 474 historia.
1890 451 2002 475 Basileae
2014 453 2088 475 1746.
2102 453 2124 476 4.
2136 465 2166 469 -
2188 451 2267 484 'Lug-

1334 483 1393 506 duni
1408 483 1556 508 Batavorum
1572 485 1645 507 4733.
1661 486 1682 508 8.
1696 492 1720 515 p.
1735 486 1880 510 459—48t.

1491 538 1495 547 ,
1511 527 1547 549 pr.
1569 519 1606 542 De
1621 519 1689 543 Thee
1703 520 1832 544 helvetico.
1850 521 1878 545 D.
1898 522 1969 552 lmpr.
1985 529 2041 545 eum
2058 521 2151 552 li'epfei-
2163 522 2266 547 Cicutae

1331 553 1462 584 aquaticae
1476 554 1585 578 historia.
1598 554 1709 578 Basileae
1718 557 1727 578 4
1737 557 1793 579 716.
1808 556 1830 579 4.
1843 568 1872 573 --
1893 554 2020 588 ‘Lugduni
2031 557 2180 581 Batavorum
2190 559 2198 581 4
2207 559 2264 582 733.

1578 669 1887 708 Dioscorides.

1367 733 1441 761 (Hali.
1455 734 1516 757 Bibt.
1530 734 1579 757 bot.
1594 735 1609 757 I.
1622 742 1646 764 p.
1661 736 1773 758 77—87.
1785 747 1815 751 —
1832 733 1928 765 Spreriy.
1943 735 2003 759 iiist.
2016 737 2052 760 rei
2066 736 2135 760 herb.
2149 738 2164 761 1.
2178 745 2202 768 p.
2217 739 2258 761 151

1333 771 1425 792 -195,
1441 781 1471 785 -
1491 768 1631 799 Hoffmann,
1650 770 1759 793 Lexieon
1779 770 2004 801 bibliographicum
2017 779 2065 795 ser.
2080 779 2161 802 graec.
2176 773 2223 796 vol.
2237 773 2264 796 ll.

1331 811 1354 834 Ι).
1372 806 1517 828 itt-424.
1532 805 1585 832 (ed.
1600 805 1627 828 II.
1641 805 1687 828 vol.
1701 806 1716 828 l.
1732 813 1755 836 p.
1769 807 1923 832 599—608.)
1940 818 1969 822 —
1988 805 2107 834 Charilam,
2122 807 2262 831 Handliucli

1329 840 1375 863 der
1386 839 1569 863 Bucherkunde
1586 841 1624 863 sur
1636 840 1677 864 die
1697 841 1774 865 altere
1788 840 1903 865 Medicin.
1925 841 2017 865 Zweite
2030 842 2141 873 Aussage.
2163 843 2264 874 Leipzig

1332 875 1406 898 4844.
1422 876 1444 899 8.
1457 883 1481 906 p.
1496 876 1621 903 76—83.)

1592 922 1731 947 Editiones
1744 929 1876 954 yraecae:
2130 947 2133 950 .

1329 961 1530 986 Dioscorides.
1552 962 1632 986 Editio
1645 962 1776 993 princeps:
1791 961 1978 987 ΠΕΔΔΚΙΟΥ
1993 962 2000 977 ¹
2018 963 2264 990 ΔΙΟΣΚΟΡΙΔΟΥ

1329 993 1492 1029 ἆναζαρβέως
1513 996 1571 1028 περὶ
1593 993 1654 1028 ὕλης
1673 995 1788 1028 ἰατρικῆς
1807 995 1876 1029 λόγοι
1894 997 1928 1027 ἔξ.
1952 1000 2063 1025 Venetiis
2081 1002 2148 1031 apud
2168 1002 2264 1025 Aldum.

1329 1033 1418 1057 Mense
1431 1033 1502 1057 Julio.
1515 1034 1592 1057 M.1D.
1610 1033 1674 1057 folio.
1694 1033 1800 1063 Titulus,
1816 1036 1829 1057 5
1844 1035 1892 1058 soti.
1906 1035 1968 1064 ind.,
1986 1037 2032 1059 429
2047 1037 2094 1060 foti.
2109 1041 2189 1060 textus
2204 1036 2264 1060 Dio-

1327 1069 1435 1095 scorides,
1451 1069 1480 1091 48
1496 1069 1544 1092 soll.
1558 1073 1641 1092 textus
1656 1073 1679 1092 et
1692 1069 1785 1092 scholia
1799 1068 1923 1093 Nicandri.
1960 1075 2015 1093 nihi.
2024 1076 2082 1094 univ.
2092 1076 2150 1099 Lips.
2160 1078 2183 1094 et
2193 1076 2262 1095 Goett.

1330 1102 1407 1131 (Hain
1420 1104 1518 1134 Repert.
1532 1104 1572 1127 Nr.
1588 1105 1676 1131 6257.)

1385 1134 1421 1159 (ln
1441 1136 1487 1155 foti,
1506 1131 1528 1155 'tl’
1547 1136 1651 1156 habetur
1666 1135 1768 1164 epistola
1784 1136 1912 1164 inscripta:
1931 1137 2022 1158 “Attius
2036 1137 2156 1159 Manutius
2171 1138 2261 1159 Roma-

1331 1165 1377 1180 iiiis
1393 1160 1540 1186 Hieronymo
1556 1161 1648 1181 Donato
1664 1163 1760 1186 patritio
1776 1161 1866 1181 tonaio
1882 1163 1903 1182 S.
1919 1162 1962 1183 Da·
1977 1165 2000 1183 et
2015 1163 2120 1187 signata:
2137 1164 2262 1185 (Αἰ-1101115·

1332 1188 1422 1206 octauo
1437 1186 1492 1206 ldus
1507 1186 1589 1215 Julias.
1604 1186 1633 1206 M.
1643 1186 1678 1207 it).
1688 1194 1697 1203 n
1712 1185 1822 1207 ,vii-amm
1833 1187 1949 1208 Theriaca
1965 1191 1987 1209 et
2002 1189 2202 1215 Atexiptiarinaca
2218 1196 2262 1210 se-

1331 1212 1559 1257 ‘l'ssiittfrs‘iisstia‘
1576 1213 2262 1262 &aaa.1¹3?'¹4:32⁶?.22·“÷i¹.¹.¹a'¹²i÷:‚³e¹;¹si¹:„⁰35ss¹13322232ni¹5⁵33

1331 1241 1462 1287 fsfignaiuris
1477 1262 1585 1292 implent.
1600 1262 1677 1291 Ε11111ι1Δ
1692 1253 1808 1288 print-ep}
1820 1264 1925 1292 jiireqiie
1936 1265 2035 1286 maximi
2046 1258 2182 1289 aestimata,
2197 1257 2261 1292 quae

1331 1292 1422 1307 noveni
1442 1289 1533 1308 tantum
1548 1287 1685 1308 Dioscorida*
1703 1289 1875 1313 complectitur
1894 1290 1982 1316 libros,
2001 1296 2104 1317 quorum
2123 1295 2208 1313 sextus
2223 1294 2261 1312 est

1329 1313 1388 1345 περὶ
1405 1314 1565 1347 δηλητηρίων
1579 1313 1722 1348 φαρμάκων
1743 1318 1786 1343 (de
1800 1319 1929 1344 venenis),
1948 1322 1972 1341 et
1986 1322 2036 1341 tres
2051 1321 2127 1342 ultimi
2145 1319 2204 1351 περὶ
2223 1318 2259 1344 ἰο-

1328 1348 1409 1382 βόλων
1431 1352 1475 1378 (de
1495 1352 1624 1373 venenatis
1645 1351 1810 1376 animalibus).
1838 1351 1955 1379 Libellus⁷
1976 1355 2018 1380 qui
2038 1355 2179 1378 inscribitur
2202 1354 2261 1386 περὶ

1329 1383 1484 1416 εὐπορίστων
1498 1381 1583 1408 ἁπλῶν
1597 1392 1625 1408 τῑ
1639 1382 1684 1408 καὶ
1697 1381 1823 1407 συνῇέτων
1837 1381 1981 1416 φαρμάκων
2000 1389 2043 1412 (de
2057 1389 2128 1411 facite
2141 1392 2260 1416 parabiti-

1331 1418 1377 1439 bus
1392 1420 1440 1438 tam
1450 1417 1602 1442 simplicibus
1612 1421 1685 1442 quam
1695 1416 1840 1441 compositis
1851 1417 2049 1442 medicamentis)
2065 1424 2166 1445 prorsus
2178 1421 2259 1449 ‹tons-13

1331 1447 1351 1468 is
1365 1448 1455 1471 antem,
1469 1446 1539 1472 cujus
1554 1447 1638 1467 titulus
1650 1448 1689 1467 est
1701 1441 1785 1476 Νόῇα,
1801 1446 1877 1466 textui
1893 1446 1999 1468 insertus
2011 1450 2058 1469 est.
2073 1448 2106 1469 De
2116 1450 2164 1471 11οο
2178 1451 2259 1473 libello

1331 1477 1361 1497 ci.
1378 1476 1488 1496 Plioulaiit
1503 1475 1686 1497 Bucherkunde.
1709 1477 1806 1502 Leipzig
1819 1475 1874 1497 4811.
1889 1476 1908 1496 8.
1924 1481 1947 1502 p.
1962 1477 2045 1498 77—78.
2070 1478 2139 1499 Curtii
2151 1479 2260 1507 Sprenqel

1331 1502 1362 1523 de
1376 1503 1423 1523 hac
1433 1502 1541 1522 editione
1553 1501 1671 1527 jiidicium
1686 1503 1774 1528 legitur
1788 1503 1810 1522 in
1822 1502 1875 1527 ejus
1890 1503 2042 1548 praefatione
2074 1520 2079 1524 .
2090 1504 2138 1525 XX.
2153 1506 2191 1526 his
2201 1512 2259 1528 ver-

1330 1527 1378 1548 bis:
1399 1527 1552 1548 «Editionum
1571 1528 1697 1553 princeps,
1718 1533 1790 1554 quam
1805 1528 1878 1548 Aldus
1893 1528 2014 1549 ilanutius
2028 1528 2052 1550 44
2093 1530 2197 1552 Venetiis
2213 1537 2260 1552 cu-

1330 1554 1402 1578 ravit,
1422 1558 1435 1573 a
1451 1553 1536 1579 paucis
1550 1553 1603 1574 visa
1613 1569 1618 1579 ,
1632 1558 1645 1573 a
1659 1554 1757 1574 nemine
1772 1554 1895 1578 consulta.
1910 1554 1989 1580 quod,
2003 1556 2029 1575 ut
2043 1556 2094 1576 sere
2109 1556 2260 1583 incredibile,

1329 1579 1442 1604 protecto
1457 1580 1539 1598 tamen
1553 1579 1712 1599 verissimum
1727 1582 1771 1600 est.
1792 1579 1942 1600 Concinnum
1958 1582 2007 1605 est,
2026 1580 2091 1606 quod
2106 1582 2160 1606 ipse
2176 1584 2260 1608 possi-

1330 1604 1388 1629 deo,
1407 1604 1534 1630 exemplar
1548 1606 1572 1625 et
1584 1604 1700 1630 nitidum,
1720 1609 1813 1630 paucas
1826 1605 1901 1625 habet
1914 1605 2030 1632 mendas,
2049 1609 2168 1628 accentus
2183 1609 2258 1630 multo

1329 1630 1448 1650 scientius
1469 1630 1617 1655 collocatos,
1642 1635 1715 1656 quam
1742 1630 1765 1651 in
1787 1630 1980 1656 posterioribus:
2001 1631 2120 1653 lectiones
2141 1634 2258 1659 plurimas

1328 1656 1434 1681 optimas
1449 1655 1568 1678 continet,
1583 1660 1644 1681 quas
1661 1656 1789 1676 Saracenas
1803 1656 1903 1676 tandem
1917 1656 2055 1683 divinavit.)

1554 1683 1814 1708 ΔΙΟΣΚΟΡΙΔΗΣ.
1838 1685 1962 1714 Venetiis,
1984 1686 2008 1709 in
2030 1686 2136 1711 aedibus
2158 1688 2211 1712 Aldi
2235 1693 2259 1712 et

1324 1720 1442 1743 Andreae
1455 1720 1548 1749 soceri,
1562 1727 1650 1744 mense
1663 1721 1735 1744 Junio
1746 1720 1895 1744 MDXVHI.
1911 1721 1923 1744 4
1936 1721 1992 1744 min.
2007 1723 2077 1750 (12),
2092 1723 2150 1752 243,
2166 1724 2196 1750 (1)
2210 1724 2258 1747 soll.

1324 1759 1378 1778 Bibl.
1388 1760 1446 1778 univ.
1456 1759 1514 1783 Lips.

1381 1787 1408 1808 (Α
1424 1787 1470 1808 ion.
1485 1787 1523 1808 -223
1536 1787 1597 1807 ordo
1612 1791 1772 1808 numerorum
1789 1788 1898 1808 turbatus
1914 1789 1962 1816 est,
1981 1787 2087 1817 ideoque.
2102 1789 2184 1809 sotium
2200 1790 2257 1810 ulti-

1328 1817 1394 1833 mum
1410 1813 1448 1833 235
1462 1813 1523 1833 falso
1538 1815 1695 1833 numeratum
1710 1815 1755 1833 est.
1777 1813 1889 1833 (js-terum
1904 1813 1943 1833 hic
1957 1815 2046 1834 eadem
2059 1814 2176 1835 libroruin
2191 1815 2257 1836 ‹iivi-

1327 1842 1365 1863 sio
1379 1844 1453 1868 atque
1467 1843 1491 1864 in
1506 1843 1583 1869 prima
1594 1843 1701 1864 editione
1712 1843 1826 1867 occurrit,
1840 1843 1911 1864 sicuti
1927 1837 2065 1873 εὖπορίστα
2078 1843 2257 1872 desiderantur,

1323 1872 1385 1899 νόᾓα
1403 1879 1485 1897 autem
1500 1882 1513 1897 a
1527 1877 1574 1898 toll.
1589 1877 1691 1898 214-230
1710 1878 1778 1898 textu
1792 1877 1858 1897 sinito
1872 1877 2001 1898 habentur.
2022 1877 2135 1898 Nicander
2148 1883 2256 1905 qnoque,

1327 1907 1368 1933 qui
1388 1906 1496 1927 omissus
1515 1909 1565 1932 est,
1585 1907 1731 1932 plerumque
1752 1911 1782 1927 ex
1803 1906 1911 1927 editione
1931 1907 1985 1927 anni
2006 1906 2056 1927 1523
2074 1907 2132 1936 huic
2151 1908 2255 1928 additur.

1327 1932 1439 1958 Anonymi
1451 1937 1551 1952 carmen
1566 1932 1597 1953 de
1611 1932 1695 1953 herbis
1709 1932 1748 1953 490
1761 1932 1910 1953 hexametris
1925 1935 2054 1957 constans,
2076 1938 2100 1960 in
2132 1938 2163 1953 uo
2181 1933 2202 1953 13
2216 1934 2256 1954 (11-

1327 1962 1416 1979 versae
1448 1958 1528 1978 laniae
1542 1958 1728 1983 deseribuntur,
1749 1957 1849 1978 scholiis
1863 1958 1984 1978 nonnullis
1998 1962 2095 1982 graeeis
2109 1958 2123 1979 ii
2135 1960 2255 1980 usti-atum

1327 1988 1339 2004 a
1355 1983 1402 2004 foll.
1430 1983 1518 2004 ’1-2361Ι
1536 1983 1629 2007 tegitur.
1649 1982 1716 2003 Hanc
1735 1982 1872 2003 secundam
1891 1983 2025 2004 editionem
2045 1988 2103 2004 esse
2117 1985 2255 2004 correctio-

1326 2013 1386 2034 rem,
1401 2008 1445 2028 sed
1461 2009 1536 2029 mutto
1551 2008 1669 2029 rariorem
1683 2008 1813 2034 minusque
1828 2009 1964 2033 quaesitam
1976 2009 2047 2034 vulgo
2060 2009 2176 2034 judicant,
2191 2009 2255 2031 sicut

1326 2034 1399 2054 etiam
1414 2034 1549 2059 Schwen'yer,
1565 2033 1668 2054 aliorum
1682 2033 1758 2054 verba
1773 2036 1901 2062 repetens,
1918 2034 1987 2054 Curtii
2000 2034 2254 2060 sprenyetiijuiliciuni

1326 2059 1410 2085 injuria
1425 2059 1540 2084 neglexit,
1554 2059 1620 2084 quod
1635 2059 1673 2079 itte
1685 2059 1866 2079 scientissimus
1881 2059 1914 2080 rei
1931 2059 1953 2079 in
1963 2059 2115 2085 praefatione
2123 2061 2160 2081 his
2171 2061 2254 2082 verbis

1326 2085 1438 2112 protulit:
1458 2085 1585 2105 «Proxima
1606 2086 1643 2105 est
1676 2089 1748 2110 quam
1764 2084 1871 2104 Aldinani
1887 2085 1960 2105 etiam
1975 2085 2111 2106 secundam
2126 2086 2255 2107 nominare

1327 2112 1500 2135 consuescunt,
1514 2115 1637 2136 quamque
1648 2100 1784 2133 saracenus,
1800 2114 1856 2138 cuni
1871 2109 2001 2139 ipsi-plane
2012 2111 2091 2136 ignota
2102 2113 2170 2132 esset
2185 2112 2254 2137 prin—

1326 2140 1398 2162 ceps,
1419 2136 1518 2157 Aldinae
1540 2135 1621 2181 Squasi
1641 2135 1742 2158 unicae)
1761 2139 1860 2155 nominc·
1879 2138 2007 2161 insignivit.
2029 2136 2126 2157 Curavit
2144 2141 2198 2157 eam
2215 2136 2253 2158 Fr.

1326 2161 1453 2185 Asulanus,
1475 2161 1526 2182 Aldu·
1551 2161 1615 2184 evir,
1636 2165 1709 2186 opem
1731 2161 1824 2182 terente
1847 2160 1880 2181 Hi.
1903 2161 1991 2185 Roscio,
2011 2162 2110 2182 medico
2131 2161 2253 2188 Patavino,

1326 2186 1366 2212 qui
1381 2187 1516 2211 castigasse
1535 2188 1629 2207 textum
1650 2188 1673 2207 et
1692 2190 1705 2206 e
1724 2185 1838 2206 codicum
1854 2187 1983 2207 conatione
1998 2187 2175 2213 recognovisse
2189 2188 2253 2208 dici-

1327 2214 1371 2232 tnr.
1387 2212 1592 2233 Prodiitvenetiis
1602 2211 1653 2232 4518
1667 2211 1744 2231 ini-ma
1753 2211 1926 2236 subquadrata.
1942 2212 2061 2233 Discessit
2075 2212 2146 2238 plane
2156 2218 2169 2234 a
2185 2215 2253 2235 textu

1324 2237 1423 2261 Atdino,
1440 2242 1514 2263 quem
1529 2241 1648 2263 nusquam
1664 2237 1732 2258 citat.
1747 2241 1833 2265 ‘neque
1848 2237 1928 2257 sontes
1941 2238 2156 2263 commemoravit,
2177 2240 2252 2260 muita

1325 2263 1428 2287 notavit,
1443 2263 1526 2288 spuria
1541 2263 1593 2284 visa
1608 2262 1631 2283 in
1645 2262 1809 2288 appendicem
1824 2263 1978 2287 amandavit,
1992 2264 2033 2284 ubi
2048 2265 2129 2284 tamen
2145 2266 2170 2285 et
2183 2265 2251 2290 plura

1325 2290 1465 2314 occurrunt,
1480 2293 1544 2314 quae
1557 2287 1650 2309 incuria
1658 2289 1699 2308 aut
1713 2287 1860 2313 negligentia
1875 2288 1898 2309 in
1908 2290 1977 2309 textu
1986 2289 2150 2316 imprimendo
2160 2291 2251 2310 omissa

1326 2314 1431 2339 ⁰‘⁸¹¹²‘''³
1550 2339 1811 2365 ΔΙΟΣΚΟΡΙΔΗΣ.
1835 2339 1983 2371 (lisanam
2006 2340 2172 2374 Διοσκοριδου
2193 2341 2252 2374 περὶ

1320 2372 1383 2407 ὕλης
1397 2374 1512 2408 ἰατρικῆς
1524 2373 1594 2407 λόγοι
1607 2373 1655 2406 ἔξ.)
1678 2374 1770 2400 Ιανου
1790 2383 1846 2400 του
1865 2384 2037 2408 κορναριου
2057 2375 2093 2405 εἰς
2112 2378 2249 2402 διασκο-

1322 2412 1426 2443 ριδων.
1444 2409 1448 2445 Ι
1472 2410 1564 2436 Φυτων
1581 2419 1625 2435 και
1644 2411 1715 2440 ζωων
1733 2419 1765 2435 τα
1786 2418 1866 2443 μερη,
1886 2419 1918 2436 τα
1931 2419 1960 2436 τε
1973 2410 2045 2436 etam
2057 2420 2140 2437 παντο(
2155 2412 2159 2444 Ι
2174 2409 2250 2437 ‘Oce’

1321 2445 1348 2474 ἐς
1365 2444 1516 2478 ἄκεστοριην
1536 2453 1658 2478 συμφορα
1677 2454 1722 2477 την
1742 2446 1856 2478 δυναμιν.
1874 2444 1878 2478 1
1894 2446 1952 2478 Γης
1971 2444 2009 2471 ἐτι
2027 2445 2049 2471 τ’
2063 2445 2149 2479 ἔντερα
2167 2455 2250 2472 παντα

1320 2478 1385 2513 ὁμου
1405 2482 1484 2514 βυῇου
1497 2490 1526 2506 τε
1538 2481 1669 2512 Ξαλασσης
1685 2480 1689 2513 Ι
1706 2489 1802 2513 σμικρα
1817 2481 1902 2514 βιβλος
1915 2482 2033 2514 δεχεται,
2052 2481 2127 2514 Φημι
2140 2481 2248 2507 Διοσκο-

1321 2517 1399 2548 ριδου.
1413 2518 1534 2547 Basileae,
1548 2525 1578 2542 ex
1591 2517 1697 2541 aedibus
1709 2517 1794 2541 Joann.
1809 2518 1913 2547 Bebetti,
1927 2525 1992 2542 anno
2005 2518 2157 2543 M.D.xxix.
2169 2526 2248 2542 mens.

1319 2554 1381 2584 Aug.
1396 2554 1408 2576 4
1423 2554 1481 2577 inin.
1494 2555 1554 2581 (non
1568 2553 1601 2579 8.)
1618 2554 1688 2581 (42),
1705 2554 1753 2576 446
1768 2553 1815 2576 foll.
1851 2557 1906 2576 nihi.
1917 2557 1976 2576 univ.
1986 2557 2044 2581 Lips.

1375 2584 1474 2609 (Paucis
1494 2583 1631 2606 emendatis
1650 2589 1680 2605 ex
1697 2585 1804 2605 editione
1819 2585 1873 2605 anni
1888 2585 1940 2606 1518
1953 2586 2056 2614 repetita
2070 2586 2116 2605 est.
2137 2584 2246 2614 «Nullum

1321 2611 1452 2662 §lesteiffg'ipi
1467 2612 1517 2637 est,
1537 2609 1657 2630 editorem
1671 2609 1753 2630 lanum
1770 2610 1904 2631 Coi-narium
1919 2610 2046 2631 codicibus
2059 2615 2132 2631 usum
2147 2611 2247 2631 tuisse.»

1247 2707 1254 2719 ¹
1269 2705 1351 2727 Codex
1363 2705 1547 2732 antiquissimus
1558 2705 1754 2728 vindobonensis
1768 2706 1841 2729 nabet
1854 2702 1988 2733 Πεδάνιος.
