2360 2942
280 487 683 537 LlTERATURAE
720 488 1044 538 BOTANICAE
1082 489 1369 542 THESAURI
1404 492 1550 542 PARS
1588 491 2005 545 SYSTEMATICA.

366 774 567 812 Historia
595 776 843 814 botanioes.

82 861 222 892 Sleyelt'us,
236 862 393 891 Programma
406 862 436 884 ad
450 862 581 886 herienses
594 862 719 886 lectiones.
738 864 814 886 Jenae
832 865 903 886 1639.
920 864 940 885 4.

82 902 191 931 Hotton,
213 904 298 926 Sermo
312 910 361 933 quo
374 904 408 926 rei
427 903 558 926 herbariae
571 904 669 927 historia
686 908 709 927 et
723 905 770 926 sata
785 905 966 927 adumbrantur.
986 904 1062 934 Lugd.
1076 904 1123 926 Bai.

154 940 226 961 4695.
242 939 262 960 4.

83 973 170 1001 Gom,
181 973 217 996 De
228 973 328 996 eruditis
336 973 458 995 hortorum
467 973 609 996 cultoribus.
620 974 753 997 Lubeccae
764 975 836 996 1706.
845 974 865 995 4.
875 985 903 989 —
914 973 1011 1003 Lipsiae
1020 974 1028 995 1
1038 975 1094 995 726.
1105 974 1125 996 4.

82 1007 224 1038 Helviqt'us,
235 1007 271 1031 De
282 1012 335 1030 ortu
346 1011 509 1037 etprogressu
521 1008 639 1031 scientiae
649 1008 786 1031 botanicae.
799 1008 1011 1037 Gryphiswaldiae
1021 1009 1095 1030 1707.
1106 1008 1125 1029 4.

83 1042 175 1071 Erndl,
188 1043 225 1065 De
236 1042 303 1065 Flora
315 1042 436 1072 japanica,
451 1042 538 1066 codice
551 1042 717 1066 bibliothecae
728 1043 891 1066 berolinensis
902 1042 1032 1066 rarissimo.
1050 1043 1126 1065 Dres-

152 1077 341 1105 (1391171614.

83 1111 236 1139 Lischwz'tz,
250 1111 364 1134 Veterum
379 1112 410 1134 de
424 1119 450 1134 re
464 1112 577 1134 herbaria
591 1112 722 1141 diligentia.
741 1112 839 1142 Lipsiae
856 1113 927 1135 1724,
944 1114 964 1135 4.

83 1152 178 1181 Monti,
192 1152 335 1175 Dissertatio
350 1152 385 1174 rei
398 1152 529 1175 herbariae
543 1152 665 1175 historiam
679 1153 857 1183 complectens.
870 1154 896 1177 ln
908 1155 972 1184 ejus:
990 1155 1126 1177 Plantarum

151 1187 210 1211 varii
223 1187 324 1210 indices.
344 1186 468 1210 Bononiae
485 1188 558 1210 1724Δ
574 1188 593 1209 4.

84 1228 197 1257 Reusch,
210 1228 247 1251 De
261 1228 383 1251 Botanicis
397 1236 444 1251 non
458 1228 570 1251 Medicis.
590 1228 733 1252 Helmstadii
749 1231 821 1252 1739.
836 1230 857 1251 4,

84 1263 231 1294 Ραὸνθςου,
246 1263 404 1286 Dissertation
418 1271 460 1286 sur
472 1263 582 1293 l'origine
597 1268 621 1286 et
634 1264 656 1286 le
671 1267 775 1294 progres
788 1264 851 1287 dela
863 1265 1005 1295 botanique.
1024 1266 1047 1288 ln
1061 1267 1125 1295 ejus:

152 1298 307 1328 Description
321 1303 367 1321 etc.
386 1298 454 1320 Paris
471 1299 543 1321 1740.
559 1300 580 1322 S.
594 1299 686 1321 vol.VI.
700 1306 724 1328 p.
736 1300 880 1322 347-474.

84 1339 217 1367 Maeli-sen,
232 1339 268 1361 De
282 1339 454 1368 manuscriptis
467 1339 570 1362 medicis
584 1339 645 1362 inter
659 1339 759 1362 codices
772 1340 942 1364 bibliothecae
957 1341 1125 1364 berolinensis.

152 1374 487 1397 Beroli11i4746—t747.10,

84 1408 237 1437 Fabricius,
257 1409 339 1432 Oratio
359 1410 390 1431 de
405 1409 581 1432 Germanorum
600 1410 624 1432 in
644 1417 694 1432 rem
712 1410 850 1433 herbariam
863 1411 962 1434 meritis.
983 1410 1127 1434 Helmstadii

155 1445 227 1467 4754.
244 1444 265 1466 lt.

87 1479 179 1507 Lt'nne',
204 1479 356 1501 Incrementa
373 1478 501 1501 botaniees
521 1479 631 1508 proxime
650 1479 810 1509 praeterlapsi
828 1480 993 1503 semisaeculi.
1018 1480 1128 1504 llolmiae

158 1515 229 1536 1753,
246 1514 267 1535 4.

90 1548 212 1577 Werner,
226 1548 262 1571 De
275 1547 435 1577 scriptoribus
448 1548 586 1577 plantarunt
599 1548 789 1571 borussiearum.
810 1549 914 1572 Custrini
930 1549 1001 1573 4756.
1017 1551 1036 1572 4v

85 1583 174 1612 Kalm,
189 1583 245 1606 Fata
259 1582 390 1605 botanices
403 1582 426 1605 in
441 1582 574 1605 Finlandia.
594 1583 680 1606 Aboae
697 1585 768 1606 1758.
785 1584 806 1606 4.

86 1617 180 1646 Linnr‘,
194 1618 341 1641 Reforinatio
355 1618 491 1640 botanices.
512 1617 624 1647 Upsaliae
641 1620 713 1641 1762.
729 1619 750 1641 4.

85 1654 182 1680 Lecons
195 1654 227 1676 de
241 1653 374 1682 botanique
388 1653 458 1675 faites
471 1659 501 1674 au
512 1652 591 1682 jardin
606 1654 637 1676 de
650 1653 812 1683 Montpellier.
833 1653 960 1684 (Avignon)
976 1656 1048 1677 4762.
1065 1657 1101 1677 ⁴2.

236 1692 331 1717 (Satyra
346 1693 367 1712 in
383 1691 510 1716 hubertum,
526 1692 651 1712 autoribus
668 1694 760 1717 Cassan,
778 1692 858 1713 Gouan
871 1696 895 1714 et
911 1694 1070 1718 sommerson.)

82 1730 218 1758 ‘Boehmm
230 1730 266 1753 De
274 1729 362 1759 plantis
372 1729 395 1751 in
404 1729 528 1752 Cultorum
539 1730 681 1752 memoriam
693 1730 829 1754 nominatis.
842 1731 1014 1762 VVittebergae
1024 1734 1097 1755 1770.
1109 1733 1129 1754 4.

158 1778 186 1781 —
202 1765 245 1788 Ed.
260 1771 323 1787 nova
338 1764 489 1787 continuata:
505 1764 602 1793 Lipsiae
619 1766 690 1787 1799.
705 1766 726 1787 8.

164 1830 166 1833 .
234 1804 411 1849 {Additamenta
425 1803 455 1823 ill.
473 1802 549 1823 Leonis
562 1804 647 1835 Cavistis
662 1804 757 1834 Henclrel
770 1811 812 1824 von
827 1805 1006 1826 Donnersmarck
1020 1807 1130 1830 leguntur

161 1829 417 1880 igmlglxlizlbssnitgg-ass‘}
432 1829 662 1877 {fif-§izctiii'ifcfflque’
688 1830 751 1851 Paris
766 1830 819 1851 18104
845 1833 911 1852 tome
926 1831 964 1857 lv,
984 1837 1004 1856 p.
1019 1831 1129 1852 274—278.

88 1891 176 1920 Milite,
190 1892 314 1915 institutes
327 1891 353 1913 of
362 1891 461 1918 botany⁴
482 1891 583 1914 London
600 1893 778 1915 4774—4772.
794 1894 815 1915 4.

87 1932 210 1963 Koelpin,
224 1933 260 1955 De
275 1932 368 1955 cultura
381 1932 497 1955 historiae
512 1932 627 1955 naturalis
640 1933 663 1955 in
677 1934 829 1956 Pomerania.
849 1934 942 1958 Stettini
958 1936 1029 1958 1773.
1044 1935 1106 1958 folio.

89 1967 211 1996 Gilibert,
224 1968 381 1997 indagatores
394 1971 495 1990 naturae
508 1967 531 1990 in
545 1968 679 1990 Lithuania.
698 1968 794 1991 Wilnae
810 1970 881 1991 1781.
898 1971 919 1992 8,

87 2002 160 2031 Kall,
180 2003 217 2060 Pe
231 2002 323 2032 duplici
340 2002 477 2032 plantarum
495 2009 555 2025 sexu
569 2003 692 2026 Arabibus
710 2004 815 2034 cognito.
837 2004 938 2027 Hal'niae
954 2006 1129 2027 1782-1783.

158 2039 181 2060 so
192 2038 222 2060 io,

90 2071 215 2100 Ducarel,
239 2072 320 2094 Letter
332 2078 399 2101 upon
412 2072 453 2094 the
470 2072 536 2100 early
550 2072 690 2096 cultivation
704 2074 731 2096 of
745 2074 835 2101 botany
849 2074 872 2096 in
886 2073 1003 2103 England.
1029 2075 1129 2101 (Philos⁴

157 2107 281 2130 Transact.
302 2106 380 2129 LXIII.
401 2107 519 2133 79—88.)

91 2141 218 2169 Rottboll,
241 2142 276 2164 An
292 2141 444 2164 Urtelaerens
462 2141 558 2165 tilstand
578 2143 584 2165 i
602 2143 764 2166 Dannemark.
790 2144 924 2171 (Kiobenh.
940 2144 1018 2167 Setsk.
1033 2144 1084 2167 Skr.
1102 2144 1130 2168 X⁴

161 2176 309 2204 393—424,
327 2176 477 2202 [iffi—468.)

90 2211 227 2241 Pulteney,
241 2210 369 2233 Historical
382 2211 429 2233 and
439 2211 605 2242 biographical
619 2212 734 2236 sketehes
748 2213 774 2235 of
784 2214 824 2236 the
837 2221 955 2243 progress
968 2214 994 2236 of
1005 2214 1095 2242 botany
1107 2215 1130 2237 in

159 2246 278 2276 England.
297 2245 398 2268 London
414 2247 487 2269 1790.
502 2248 524 2269 8.

240 2283 399 2307 (germanice.
416 2283 519 2309 gallice.)

92 2320 213 2349 Lidboek,
226 2320 262 2343 De
275 2320 363 2350 plantis
375 2320 400 2342 in
413 2319 547 2344 Suecorum
560 2322 701 2344 memoriam
715 2323 848 2345 nominatis.
867 2322 969 2345 Lundae
984 2324 1056 2345 1792.
1071 2323 1091 2345 4,

91 2355 219 2383 Medicus,
235 2354 384 2378 Geschichte
397 2355 442 2378 der
455 2355 554 2379 Botanik
568 2364 654 2380 unsrer
667 2357 760 2380 Zeiten.
779 2357 921 2381 Mannheim
937 2358 1008 2380 1793.
1024 2359 1045 2380 8.

91 2390 249 2421 Baldfflyer,
263 2389 343 2413 Ueber
356 2389 592 2420 Literargeschichte
606 2392 648 2414 der
659 2391 767 2415 Botauik.
787 2392 905 2422 Marburg
920 2392 992 2415 1794.
1006 2393 1027 2415 8.

94 2425 187 2454 Βοηάί,
200 2425 236 2449 De
247 2425 348 2447 utilitate
357 2424 469 2448 laborum
479 2426 642 2449 recentiorum
655 2427 678 2449 in
692 2434 718 2450 re
728 2427 850 2450 butanica.
862 2427 1015 2450 Amsterdam
1025 2428 1097 2450 1791.
1110 2428 1130 2450 4,

94 2466 214 2494 swartz,
229 2466 270 2489 Tal
284 2473 322 2488 om
335 2465 564 2490 Naturalhistoriens
578 2468 672 2497 nphofi
686 2468 794 2498 Sverige.
814 2468 955 2491 Stockholm
970 2469 1042 2492 1796.
1057 2470 1078 2491 8.

97 2506 197 2536 Vrolilr,
217 2508 298 2531 Oratio
311 2508 343 2530 (19
356 2515 399 2535 eo,
419 2508 484 2537 quod
497 2508 738 2533 Amstelodamenses
757 2510 787 2532 ad
804 2517 856 2532 rem
868 2509 1007 2533 botanicam
1021 2510 1131 2534 contule-

162 2547 224 2566 runt.
242 2542 418 2566 Amstelodami
434 2544 505 2566 1797.
521 2544 542 2566 4.

94 2577 257 2606 Reinwardt,
271 2578 350 2600 Oratio
361 2578 392 2600 de
406 2578 502 2607 ardore,
516 2585 564 2608 quo
575 2578 700 2603 botanices
710 2580 816 2603 cultores
829 2579 853 2601 in
866 2586 911 2602 sua
921 2580 1000 2603 studia
1014 2580 1129 2603 seruntur.

162 2611 307 2636 Harderviei
322 2613 393 2634 1801.
409 2612 429 2634 4.

95 2652 206 2682 Sickler,
225 2652 378 2683 Allgemeine
393 2652 541 2676 Geschichte
555 2654 600 2677 der
609 2654 757 2679 Obstkultur.
775 2655 796 2679 1:
808 2655 861 2678 Von
875 2655 922 2678 den
937 2655 1021 2679 Zeiten
1034 2657 1079 2680 der
1088 2656 1131 2680 Ur—

163 2688 220 2711 welt
233 2688 270 2711 bis
283 2695 310 2711 zu
326 2688 466 2711 Konstantin
481 2689 536 2712 dem
551 2689 665 2713 Grossen.
683 2690 811 2714 Frankfurt
823 2688 880 2721 ΒΖΜ.
898 2690 970 2713 1802.
986 2692 1006 2713 8.

1163 778 1288 807 Dic-imon,
1306 779 1341 802 De
1355 780 1520 807 l'agriculture
1534 781 1578 803 des
1592 780 1699 803 ariciens.
1721 781 1787 803 Paris
1804 782 1874 803 1302,
1890 783 1911 804 8.

1165 812 1286 843 Cambry,
1300 814 1386 837 Notice
1401 822 1442 837 sur
1455 815 1619 845 l'agriculture
1632 816 1678 838 des
1686 814 1767 838 Celtes
1780 819 1804 838 et
1816 817 1860 839 des
1868 817 2002 840 Germains.
2014 818 2081 842 Paris
2094 821 2166 843 1806.
2179 824 2200 845 8,

1164 847 1338 879 Sangfloryioy
1354 849 1423 872 Delle
1438 850 1534 879 epoche
1547 850 1589 879 piu
1602 849 1722 873 luminose
1737 850 1801 873 della
1813 850 1934 874 botanica.
1954 851 2043 876 Milano
2060 855 2132 878 1807,
2149 857 2170 878 8.

1163 882 1331 914 Fayerbory,
1346 884 1382 907 De
1395 884 1532 914 primordiis
1545 884 1681 907 botaniees.
1702 884 1816 914 Upsaliae
1832 886 1904 909 1807.
1920 887 1941 908 4.

1164 917 1305 949 spi-eriget,
1319 919 1423 942 Historia
1437 919 1473 942 rei
1487 919 1623 942 herbariae.
1644 920 1817 943 Amstelodami
1834 921 2009 945 1807-1808.
2024 925 2046 946 8.

1163 952 1257 981 Millm,
1272 953 1361 976 Extrait
1373 954 1404 976 de
1418 953 1535 983 Sprenyel,
1549 954 1677 977 L'histoire
1690 955 1722 977 de
1735 955 1756 977 la
1770 955 1910 985 botanique⁴
1929 957 1995 981 Paris
2011 959 2083 982 1809.
2098 961 2119 982 8.

1163 992 1269 1021 Paulet,
1291 993 1401 1016 Examen
1418 995 1450 1016 de
1464 994 1486 1016 la
1504 994 1582 1023 partie
1602 994 1737 1024 botanique
1757 995 1788 1017 (le
1803 995 1920 1020 l'histoire
1932 999 1963 1021 de
1977 999 1998 1022 la
2012 1002 2142 1026 medecine
2160 1011 2204 1033 par

1232 1027 1349 1058 Sprenyel.
1366 1028 1433 1051 Paris
1449 1030 1521 1050 4809.
1536 1030 1557 1050 8.
1571 1040 1600 1044 —
1616 1028 1647 1051 ib⁴
1664 1028 1736 1051 1815.
1753 1029 1773 1052 8.

1165 1062 1269 1091 Cuvier,
1286 1063 1394 1092 Rapport
1406 1063 1541 1092 historique
1559 1070 1601 1086 sur
1614 1063 1650 1086 les
1664 1071 1770 1094 progres
1789 1065 1834 1088 des
1847 1067 1960 1091 sciences
1974 1071 2112 1095 naturelles⁴
2137 1073 2204 1096 Paris

1163 1132 1449 1161 Moucon-Foncem‘lle,
1464 1133 1533 1162 Coup
1547 1133 1620 1155 d‘oeil
1634 1141 1676 1157 sur
1689 1134 1709 1157 la
1724 1134 1867 1165 botanique.
1887 1136 1954 1165 Lyon
1971 1140 2043 1163 1810,
2059 1143 2080 1163 3,

1168 1167 1311 1195 1Vallrotlz,
1327 1168 1476 1191 Geschichte
1489 1168 1533 1191 des
1548 1168 1637 1191 Obstes
1651 1169 1695 1191 der
1707 1169 1785 1192 Alten.
1805 1169 1874 1193 Halle
1891 1173 1963 1195 1812.
1976 1181 2010 1204 gr.
2020 1176 2041 1197 8.

1163 1202 1270 1229 Feltini.
1284 1203 1400 1226 Discorso
1413 1203 1512 1225 istorico
1525 1202 1587 1225 sulla
1600 1203 1721 1227 botanica.
1740 1204 1836 1228 Verona
1851 1207 1925 1229 1812.
1939 1209 1961 1230 S.

1164 1237 1306 1268 Sprenyel,
1320 1238 1356 1260 De
1370 1238 1492 1268 germanis
1506 1238 1540 1260 rei
1554 1238 1683 1261 herbariae
1697 1239 1814 1268 patribus.
1831 1240 1957 1265 Mnnclten
1970 1245 2042 1268 1813.
2058 1247 2079 1268 4.

1165 1278 1281 1302 Hulthem
1290 1298 1295 1307 ,
1313 1280 1359 1302 Sur
1374 1279 1440 1302 vetat
1449 1279 1536 1302 ancien
1547 1283 1570 1302 et
1580 1280 1698 1303 moderne
1709 1281 1740 1303 de
1752 1281 1916 1311 l'agriculture
1928 1288 1951 1307 et
1961 1285 1992 1308 de
2001 1285 2136 1318 botanique
2146 1290 2206 1312 dans

1233 1315 1269 1337 les
1283 1314 1413 1342 Pays-Bas.
1434 1314 1502 1337 Gand
1519 1315 1590 1336 1817,
1607 1316 1628 1337 3.

1166 1348 1260 1377 Smitlz,
1274 1350 1294 1372 A
1307 1348 1400 1372 review
1414 1349 1441 1371 os
1451 1349 1491 1371 the
1505 1350 1623 1372 moderne
1637 1354 1697 1373 state
1711 1351 1737 1373 os
1747 1350 1843 1379 botany.
1864 1353 1977 1379 (London
1993 1357 2074 1383 1817.)
2091 1358 2111 1380 4.

1166 1383 1296 1412 Schultes,
1319 1384 1450 1407 Grundriss
1469 1384 1536 1406 emer
1554 1384 1703 1408 Geschichte
1724 1386 1772 1408 und
1791 1386 1911 1410 Literatur
1929 1389 1974 1412 der
1991 1390 2100 1415 Botanik.
2134 1393 2205 1417 Wien

1236 1420 1279 1441 181
1288 1421 1309 1442 7.
1324 1421 1346 1442 8.

1165 1453 1307 1484 Sprenqel,
1322 1454 1470 1478 Geschichte
1485 1455 1530 1477 der
1540 1454 1648 1477 Botanik.
1666 1455 1803 1486 Altenburg
1818 1458 1867 1480 und
1880 1458 1982 1490 Leipzig
1994 1462 2170 1486 1817-1818.
2186 1466 2207 1486 8,

1166 1492 1324 1523 Sternbery,
1337 1494 1502 1524 Abhandlung
1515 1493 1578 1516 uber
1590 1494 1630 1516 die
1644 1495 1839 1519 Pssanzenkunde.
1855 1496 1878 1519 in
1889 1497 2008 1522 Bohmen.
2028 1500 2090 1531 Prag
2100 1504 2171 1525 1818.
2184 1504 2205 1526 8.

1166 1528 1281 1557 Arnold,
1295 1529 1330 1551 De
1344 1529 1506 1552 monumentis
1520 1529 1573 1551 hist.
1587 1534 1633 1552 nat.
1646 1529 1762 1553 Poloniae
1775 1530 1894 1555 literariis.
1913 1532 2044 1558 Varsaviae
2061 1537 2133 1559 1818.
2150 1539 2171 1560 8.

1169 1563 1277 1592 Cuvier,
1291 1564 1389 1586 Recueil
1403 1565 1448 1587 des
1462 1564 1546 1593 eloges
1559 1563 1715 1594 historiques.
1733 1565 1801 1588 Paris
1817 1567 1995 1591 1819-1827,
2010 1571 2031 1592 8.

1171 1604 1324 1632 11ἳΙςειν-ϋιη,
1339 1600 1460 1635 Ofversigt
1472 1606 1498 1628 as
1508 1604 1634 1627 botaniska
1647 1605 1750 1629 arbeten
1765 1606 1812 1629 och
1825 1608 1977 1638 upptackter.
1996 1600 2206 1637 (Ars—berattelse

1235 1640 1289 1665 etc.)
1311 1641 1489 1662 1821-1844.
1509 1639 1652 1662 Stoekholm
1666 1642 1846 1665 4822—4849.
1861 1644 1882 1665 8.

1167 1674 1348 1702 Beitsclzmied,
1359 1674 1560 1698 Jahresberichte
1574 1675 1618 1697 der
1628 1675 1680 1705 Kgl.
1689 1675 1884 1701 Schwedischen
1892 1679 2029 1703 Akadentie
2043 1681 2087 1704 der
2093 1681 2207 1706 Wissen—

1235 1709 1347 1732 schaften
1360 1710 1424 1732 uber
1437 1710 1476 1732 die
1490 1710 1646 1732 Fortsehritte
1659 1710 1705 1733 der
1717 1710 1825 1734 Botanlk.
1845 1711 1948 1737 Breslau
1963 1716 2076 1738 tam—4
2085 1717 2140 1739 847.
2156 1719 2177 1740 8.

1167 1744 1264 1768 Aubert
1283 1744 1317 1767 du
1333 1743 1560 1773 Petit-Thouars,
1576 1744 1609 1767 La
1622 1744 1776 1776 physiologie
1793 1747 1906 1777 vegetale
1926 1753 1950 1772 et
1968 1749 1990 1772 le
2007 1750 2059 1780 prix
2073 1751 2199 1775 Monthion

1233 1779 1302 1802 Paris
1317 1779 1391 1802 4822.
1406 1781 1427 1802 s.
1780 1775 1785 1783 ‘
2202 1788 2205 1791 .

1169 1814 1336 1840 Reinwardt.
1356 1814 1437 1837 Oratio
1456 1815 1486 1837 de
1504 1815 1641 1845 augmentis
1660 1815 1773 1839 historiae
1791 1817 1907 1841 naturalis
1927 1825 1957 1841 ex
1970 1819 2054 1843 Indiae
2073 1821 2208 1852 investiga—

1236 1850 1307 1872 tione.
1326 1849 1469 1872 Hardervici
1485 1850 1557 1871 4823,
1574 1850 1595 1872 4.

1168 1883 1320 1914 Hoffmann,
1339 1884 1418 1906 Oratio
1429 1885 1460 1907 (le
1471 1884 1524 1907 fatis
1539 1888 1563 1907 et
1575 1885 1745 1914 progressibus
1755 1886 1791 1909 rei
1801 1886 1932 1911 herbariae
1941 1888 2059 1919 imprimis
2071 1891 2094 1913 in
2105 1891 2207 1921 imperio

1236 1920 1345 1942 rutheno.
1365 1918 1485 1949 Mosquae
1501 1920 1574 1941 4824.
1590 1920 1611 1941 4.

1167 1953 1293 1977 Adamslcz'
1303 1972 1309 1984 ,
1336 1954 1483 1976 Prodromus
1508 1954 1620 1977 historiae
1644 1955 1677 1977 rei
1700 1955 1830 1979 herbariae
1855 1957 1878 1979 in
1902 1958 2009 1982 Paionia.

1238 1990 1311 2011 4825.
1325 1990 1346 2010 8.

1167 2021 1317 2053 (Rudolphi)
1329 2023 1403 2046 Index
1414 2023 1584 2046 numismatum
1592 2024 1616 2046 in
1626 2025 1778 2048 medicorum
1786 2026 1824 2049 vel
1835 2027 1992 2056 physicorum
1999 2030 2138 2053 memoriam
2148 2038 2206 2060 per-

1235 2065 1372 2081 cussorum.
1392 2057 1498 2081 Berolini
1514 2059 1586 2081 1825.
1601 2060 1622 2081 8.

1172 2092 1271 2122 Vallot,
1285 2092 1389 2116 Histoire
1402 2093 1434 2115 de
1446 2093 1469 2115 la
1482 2093 1616 2124 botanique
1631 2102 1662 2117 en
1676 2094 1829 2125 Bourgogne.
1848 2096 1918 2126 Dijon
1935 2098 2006 2121 1828.
2021 2101 2042 2122 8.

1171 2127 1288 2156 Trinius,
1303 2127 1382 2151 Ueber
1392 2127 1440 2150 den
1453 2129 1655 2158 gegenwartigen
1670 2130 1922 2155 wissenschastlichen
1935 2132 2086 2164 Standpunkt
2099 2135 2143 2157 der
2156 2135 2206 2158 Na-

1235 2162 1416 2191 turt'orschung.
1435 2163 1468 2185 St.
1480 2163 1630 2193 Petersburg
1647 2166 1719 2187 1828.
1739 2173 1773 2195 gr.
1784 2167 1806 2188 8.

1168 2203 1203 2227 De
1219 2202 1359 2232 Candolle,
1377 2203 1414 2226 De
1427 2203 1493 2226 l'etat
1505 2203 1585 2226 actuel
1602 2204 1633 2227 de
1646 2204 1668 2227 la
1682 2204 1814 2235 botanique
1828 2208 1951 2236 generale.
1978 2208 2072 2234 (Revue
2087 2210 2205 2237 sraneaise

1239 2240 1312 2261 1829,
1330 2238 1619 2268 v01.V111,p.33-56.)

1169 2272 1351 2302 Hornemann,
1366 2273 1411 2296 Om
1425 2273 1457 2296 de
1470 2272 1557 2301 tydske
1568 2273 1768 2298 Natursorskeres
1779 2275 1928 2306 Forsamling
1942 2275 2045 2299 iBerlin.
2061 2277 2204 2303 Kiobnhavn

1238 2309 1310 2331 1829.
1326 2310 1347 2331 8.

1166 2343 1258 2366 Adress
1271 2343 1297 2366 ot
1308 2342 1375 2366 Earl
1385 2342 1527 2373 Stanhope,
1540 2343 1673 2366 President
1685 2344 1712 2367 of
1722 2344 1763 2367 the
1777 2345 2012 2368 medico-botanical
2022 2347 2124 2375 society.
2139 2349 2204 2372 Lon-

1235 2379 1283 2401 don
1299 2379 1372 2400 1829.
1386 2379 1408 2400 8.
1423 2389 1451 2393 —
1466 2378 1498 2401 ib.
1514 2379 1588 2401 1830.
1603 2379 1624 2401 8.

1167 2412 1294 2441 Johnson,
1309 2412 1405 2441 History
1418 2413 1445 2436 os
1455 2413 1551 2443 english
1565 2413 1707 2443 gardening.
1727 2413 1827 2436 London
1843 2414 1915 2436 1829.
1930 2415 1951 2437 8.

2048 1959 2206 1984 Vratislaviae

1168 2447 1273 2476 Felton,
1305 2447 1342 2470 On
1364 2448 1405 2470 the
1426 2448 1540 2478 portraits
1566 2449 1593 2471 of
1617 2448 1712 2478 english
1737 2448 1835 2470 authors
1863 2448 1890 2470 ot'
1918 2450 2059 2480 gardening.
2103 2452 2204 2477 London

1237 2484 1284 2504 183
1307 2501 1311 2504 .
1345 2500 1348 2504 .

1168 2484 1302 2545 Ηαὺενίθξ)
1318 2483 1360 2540 1ξοί
1379 2517 1509 2541 herbariae
1528 2517 1677 2547 hungaricae
1699 2521 1723 2539 et
1744 2517 1952 2544 transsylvanicae
1975 2518 2082 2543 historia.
2118 2521 2204 2545 Budae

1169 2586 1202 2610 De
1218 2553 1356 2615 Οέιῗιῖῑὲἰίἲ,
1370 2587 1475 2611 Histoire
1488 2588 1520 2611 de
1532 2587 1554 2610 la
1567 2586 1700 2616 botanique
1713 2586 1854 2616 genevoise.
1873 2586 1976 2610 Geneve
1991 2589 2066 2613 1830.
2084 2589 2105 2613 4.

1371 2623 1477 2652 Progres
1490 2623 1521 2645 de
1534 2622 1556 2644 la
1569 2620 1702 2651 botanique
1715 2628 1745 2643 en
1762 2622 1833 2643 1832.
1853 2621 1954 2647 GenQve
1970 2624 2043 2646 1833.
2068 2625 2090 2647 8.

1168 2655 1332 2687 Seliqmmm,
1355 2656 1437 2681 Ueber
1459 2657 1511 2680 drei
1536 2656 1624 2679 hochst
1647 2656 1726 2679 selme
1748 2655 1877 2685 persische
1902 2657 2099 2683 Handschristen.
2130 2660 2203 2684 Wien

1239 2692 1311 2714 1833.
1326 2693 1348 2714 8.

1850 2724 1902 2748 45·
