2360 2942
219 111 477 145 COMPARATIO
497 112 736 146 PLANTARUM
757 113 802 145 ET
822 112 1040 146 ANIMALIUM

110 205 258 236 lmjardin,
277 206 401 229 Nouvcau
414 205 512 229 manuel
526 206 637 237 complet
651 206 683 230 (lo
698 207 883 229 l'observatenr
896 213 926 228 au
941 205 1107 236 microseope.
1129 206 1176 229 Pa-

179 241 212 264 ris
229 241 410 264 4842—4843.
426 242 448 264 8.
463 245 488 265 et
500 241 576 266 Atlas.

110 281 261 311 nocht-iren,
277 281 436 305 Kubikinhalt
448 289 497 306 von
513 283 560 305 300
576 282 672 312 Kugeln
687 285 735 304 etc.
757 280 860 304 Brcslau
879 281 951 303 4843.
968 280 989 303 4.

108 323 195 353 Mem,
210 323 256 347 Die
271 331 384 347 neueren
398 323 628 354 Verbesserungen
642 330 681 345 am
695 322 862 352 Microscope.
883 321 1008 345 munchen
1026 322 1100 345 4843.
1115 325 1136 345 8.

108 364 192 394 Mola,
214 365 298 389 Ueber
316 365 357 389 dio
378 364 662 393 Grossenbestimmung
683 362 910 393 mikroskopisclici·
930 362 1044 393 Objecte.
1073 362 1170 390 (verm.

177 400 301 424 Schriften
316 408 340 431 p.
354 400 512 426 429—442.)

215 441 408 472 Mikrograpliie.
429 440 562 470 Tubingen
581 439 654 462 1846.
671 440 694 462 8.

157 619 450 667 Comparatio
477 619 742 666 plantarum
771 621 817 656 et
846 619 1121 657 animalium.

109 698 213 727 Ονιίοὸ,
228 697 345 728 Analogia
360 696 501 721 nutritionis
515 697 655 728 plantarum
669 700 693 719 et
707 695 857 719 animalium.
879 696 977 726 Lipsiae
993 698 1069 721 4683.
1087 698 1108 720 4.

108 741 210 769 Sterni,
224 740 261 763 De
276 739 415 769 plantarum
429 737 626 768 animaliumque
639 737 810 768 generatione.
850 737 952 761 Altdorti
969 740 1044 762 4687.
1059 740 1082 762 4.

112 780 254 810 Winslow,
268 780 305 804 De
318 779 468 803 macehinae
481 779 663 810 plantauimalis
678 779 836 803 oeconomia.
856 778 968 803 Havniae
985 780 1059 803 4694.
1077 780 1099 803 4.

105 823 223 851 Jussz'en,
237 822 274 846 De
288 821 402 851 analogia
415 821 479 844 inter
492 821 590 851 plantas
606 825 630 844 et
644 820 765 844 animalia.
789 820 892 844 Lontlini
909 822 984 844 4724.
1001 821 1023 845 4.

107 863 236 893 Schmidt,
248 863 286 886 De
300 862 412 893 analogia
427 862 498 892 regni
512 862 661 893 vegetabilis
676 869 732 885 eum
747 861 853 885 animali.
874 861 990 885 Basileae
1007 863 1081 885 4724.
1099 863 1120 884 4.

106 905 239 934 Boretius,
254 904 291 928 De
301 908 415 927 anatome
424 903 565 934 plantarum
577 907 601 927 et
612 903 753 927 animalium
765 903 877 934 analoga.
891 903 1048 934 Regiomonti
1061 905 1069 926 4
1080 905 1136 927 727.
1149 904 1171 927 4.

106 947 266 974 Feldmann,
282 945 439 976 Comparatio
452 945 592 976 plantarum
604 949 628 969 et
641 945 791 969 animalium.
811 945 924 976 Lugduni
935 945 1083 969 Batavorum
1097 946 1171 969 4732.

178 983 198 1006 4.
216 995 244 999 -
260 980 371 1004 Berolini
387 982 463 1004 4780.
481 982 503 1004 8.

107 1022 238 1056 (Roberq)
251 1021 436 1054 Vegetabilium
450 1029 509 1046 cum
522 1022 670 1046 animalibus
684 1022 847 1052 comparatio.
869 1022 982 1053 Upsaliae
999 1024 1073 1046 4737.
1090 1024 1129 1045 42.

107 1066 206 1092 Bazin,
227 1063 409 1088 Observations
429 1070 472 1086 sur
489 1063 526 1087 les
541 1063 640 1093 plantes
659 1067 684 1087 et
703 1063 757 1087 leur
775 1063 890 1093 analogio
910 1070 973 1087 avec
992 1064 1029 1087 les
1050 1064 1170 1088 inseetes.

177 1099 311 1129 Strasburg
327 1098 402 1121 4744.
418 1099 440 1121 8.

260 1135 436 1163 (germanice.)

106 1172 287 1202 Brotuallz'us,
306 1172 343 1196 De
357 1171 485 1195 harmonia
499 1170 696 1195 fructificationis
710 1171 849 1202 plantarum
869 1179 925 1195 cum
940 1173 1103 1202 generatione
1118 1174 1173 1197 :mi-

175 1209 285 1233 malium.
306 1208 393 1231 Aboae
409 1207 484 1230 4744.
500 1208 521 1230 4.

106 1251 252 1277 Harmens,
270 1248 308 1272 De
321 1246 481 1271 similitudine
494 1247 560 1270 vitae
573 1246 697 1277 physicae
711 1246 735 1270 in
750 1247 897 1271 animalibus
912 1252 936 1271 et
949 1248 1047 1279 plantis.
1067 1249 1172 1273 Londini

176 1284 312 1309 Gothorum
328 1284 402 1306 4752.
418 1282 440 1305 4.

107 1328 241 1354 Parsons,
261 1325 297 1348 On
312 1324 353 1348 the
367 1323 474 1354 analogy
487 1323 606 1347 between
620 1324 661 1346 the
673 1324 836 1355 propagation
851 1325 878 1347 ot'
895 1324 998 1348 animals
1017 1325 1066 1348 aud
1085 1325 1136 1349 that
1149 1326 1176 1349 os

175 1360 336 1392 vegetablcs.
358 1359 460 1382 London
478 1360 551 1382 4752.
568 1360 589 1382 8.

105 1404 195 1431 Mero,
210 1403 288 1433 Sopra
302 1401 323 1424 la
337 1400 505 1431 generazione
519 1399 588 1430 degli
602 1400 701 1424 animali
715 1408 729 1424 e
743 1400 886 1431 vegetabili.
907 1400 1021 1424 Bassano
1037 1403 1111 1425 4753.
1126 1403 1146 1424 4.

105 1444 201 1476 Kapp,
215 1443 297 1468 Motus
310 1442 442 1465 humorum
456 1441 480 1464 in
494 1441 584 1471 plantis
598 1445 623 1465 et
636 1441 796 1465 animalibus.
815 1442 914 1472 Lipsiae
930 1443 1004 1466 4763.
1021 1443 1042 1466 4.

106 1486 229 1513 How-ru,
244 1484 308 1508 Num
321 1483 377 1513 pili,
391 1483 512 1513 plantae?
532 1482 601 1506 Paris
617 1483 691 1506 4764.
707 1484 728 1506 4.

106 1527 238 1552 Harmens
247 1544 253 1554 ,
268 1525 305 1548 De
316 1524 456 1548 differentia
465 1524 597 1548 humorum
610 1525 634 1548 in
649 1525 796 1549 animalibus
810 1521 944 1557 etjplantis.
963 1526 1067 1550 Londini
1078 1527 1173 1551 Gotho—

176 1569 231 1585 rum
246 1561 322 1583 4774.
338 1560 360 1582 4.

109 1602 231 1630 Schutze,
246 1602 345 1625 Tanker
358 1609 398 1625 om
411 1602 555 1632 planternes
570 1602 674 1633 dyriske
688 1602 790 1633 liighed.
812 1603 980 1627 Kiobenhavn
996 1605 1071 1627 4772.
1088 1606 1111 1627 8.

108 1646 227 1673 Marum,
244 1644 383 1673 Quousque
397 1643 555 1667 consentiunt
567 1648 650 1667 motus
661 1643 794 1667 fluidorum
809 1647 833 1668 et
846 1644 892 1667 alia
907 1645 1049 1668 animalium
1063 1649 1087 1669 et
1100 1645 1174 1676 plan-

177 1685 256 1704 tarum
271 1679 430 1702 functiones?
451 1679 594 1709 Groningae
609 1679 685 1702 4773.
699 1679 721 1701 4.

111 1721 225 1748 Tessier,
245 1722 281 1744 An
299 1720 383 1744 similis
402 1720 572 1751 vegetantium
593 1724 617 1743 et
636 1720 795 1743 animantium
813 1721 950 1751 generandi
968 1721 1077 1745 modus?
1102 1722 1172 1746 Paris

180 1759 227 1780 ’177
234 1758 255 1779 5.
271 1756 292 1778 4.

108 1792 234 1816 Bernarsl
249 1791 279 1814 de
294 1790 414 1818 lumen,
434 1789 471 1813 An
486 1797 588 1821 compar
602 1790 763 1813 animantium
782 1794 806 1814 et
819 1791 989 1821 vegetantium
1005 1792 1172 1823 perspiratio?

177 1826 277 1850 Parisiis
294 1828 366 1849 4777.
384 1826 405 1848 4.

107 1863 143 1886 De
157 1861 183 1886 [ιι
196 1861 333 1889 Mc'tlzerie,
348 1861 416 1884 Vues
426 1860 635 1890 pliysiologiques
646 1868 689 1884 sur
699 1860 883 1891 l’organisation
894 1861 1001 1885 animale
1012 1865 1036 1885 et
1046 1863 1170 1894 vegetale.

178 1897 331 1921 Amsterdam
348 1897 423 1919 4784.
442 1896 480 1918 42.

108 1938 288 1969 Harrz'nyton..
304 1936 489 1967 Philosopbical
503 1937 550 1959 and
562 1936 743 1966 experimenta]
758 1937 863 1967 enquiry
879 1937 929 1961 into
943 1938 984 1961 tlie
998 1939 1051 1962 first
1065 1940 1113 1963 and
1127 1948 1173 1970 ge-

179 1973 248 1997 neral
262 1972 398 2003 pribeiplos
412 1972 439 1995 ot*
450 1972 537 1995 aniinal
552 1972 601 1995 and
614 1971 747 2002 vegetable
761 1972 810 1995 lise.
830 1973 933 1996 Londou
949 1975 1023 1997 4784.
1040 1976 1062 1997 8.

109 2015 208 2045 Romu,
225 2013 425 2038 Overeenkomst
438 2013 567 2036 tweselien
579 2013 665 2037 (lieren
679 2021 710 2036 en
724 2013 833 2044 planten.
852 2014 1010 2038 Amstordam
1025 2017 1100 2041 4782.
1115 2018 1137 2040 S.

108 2049 305 2082 Spalianzani,
325 2048 498 2078 Experiences
517 2056 561 2071 sur
573 2048 595 2071 la
615 2049 761 2079 generation
775 2050 820 2072 (les
834 2049 950 2073 animaux
969 2055 992 2073 et
1007 2051 1052 2074 thS
1066 2051 1170 2081 plantes.

178 2086 281 2109 Geneve
298 2085 372 2106 4786.
388 2084 410 2105 8.

261 2121 267 2146 (
275 2121 435 2147 germanice.)

109 2159 332 2184 Desrousseauoe,
350 2157 385 2179 An
400 2160 426 2179 ut
439 2156 462 2179 in
477 2156 565 2186 plantis
578 2156 614 2179 sic
629 2157 651 2179 in
666 2157 832 2180 animantibus
846 2158 1023 2188 perspirationi
1037 2159 1173 2183 moderan-

178 2194 226 2217 dae
240 2192 358 2217 inserviat
372 2191 528 2222 epidermis'?
548 2191 618 2214 Paris
637 2193 709 2216 1789.
727 2193 748 2215 4.

109 2235 233 2266 Hcdwiy,
248 2234 285 2257 De
299 2233 377 2257 fibrae
391 2232 541 2264 vegetabilis
555 2236 579 2255 et
592 2233 704 2256 animalis
718 2237 781 2257 ortu.
801 2234 900 2264 Lipsiae
917 2236 991 2258 4789.
1009 2236 1029 2258 4.

110 2275 232 2302 Lidhecl.·‚
246 2276 283 2298 De
297 2274 414 2298 limitibus
428 2274 491 2297 inter
504 2280 582 2304 regna
597 2278 706 2298 naturae.
729 2275 830 2299 Lundae
850 2277 921 2299 1790.
939 2276 960 2299 4.

109 2316 243 2345 Schranlc,
258 2317 295 2340 De
306 2316 448 2339 discrimine
458 2315 599 2345 plantarum
611 2315 642 2337 ab
654 2315 809 2339 animalibus.
830 2316 856 2339 In
868 2317 920 2347 ejus
932 2317 1073 2341 “Primitiae
1085 2318 1171 2343 Florae

177 2351 395 2382 salisburgensis».
416 2350 571 2374 Francosurti
584 2347 646 2383 asM.
662 2351 738 2373 4792.
756 2351 778 2373 8.
790 2358 814 2380 p.
830 2353 922 2375 4—46.

110 2393 196 2417 Brera
206 2411 213 2423 ,
228 2393 266 2416 De
280 2392 345 2416 vitae
360 2391 508 2422 vegetabilis
522 2396 546 2414 et
560 2391 672 2414 animalis
686 2391 807 2421 analogia.
829 2391 908 2415 Ticini
925 2394 998 2417 4796.
1013 2395 1035 2417 8.

108 2434 235 2466 Kreysiq,
250 2434 320 2457 Vitae
330 2433 478 2464 vegetabilis
493 2440 550 2456 cum
563 2432 662 2456 animali
673 2433 855 2456 convenientia.
871 2433 1046 2465 Wittebergae
1059 2437 1133 2459 4796.
1146 2437 1168 2460 4.

108 2476 243 2504 Pescmer,
264 2476 300 2499 De
314 2474 476 2498 irritabilitate
491 2474 633 2498 animalium
648 2478 673 2497 et
685 2474 871 2505 vegetabilium.
893 2474 1039 2507 Edinburgh
1056 2479 1131 2502 4797.
1146 2480 1168 2502 8.

109 2516 263 2545 Humboldt,
284 2515 417 2540 Versuche
433 2535 436 2538 .
450 2534 454 2539 .
467 2534 471 2538 .
485 2533 489 2537 .
511 2515 576 2539 uber
596 2515 646 2539 (len
666 2515 831 2539 ehemisehen
845 2515 952 2539 Process
971 2518 1016 2541 des
1030 2518 1130 2542 Lebens
1147 2520 1170 2543 in

179 2553 225 2576 der
237 2551 327 2575 Thier-
340 2551 391 2574 und
404 2551 587 2574 Pllanzenwelt.
607 2551 692 2574 Berlin
709 2552 782 2574 4797.
798 2551 821 2573 8.

109 2592 285 2617 Hebenslreit.
301 2593 424 2616 Momenta
437 2592 630 2622 comparationis
641 2593 711 2623 regni
722 2591 832 2616 animalis
843 2599 900 2615 cum
911 2593 1052 2622 vegetabili.
1071 2594 1170 2624 Lipsiae

185 2630 255 2651 1798.
275 2629 293 2650 4.

108 2663 225 2688 Humor,
252 2662 362 2692 Anatogy
387 2663 502 2686 between
529 2663 664 2693 vegetable
690 2663 739 2686 and
762 2663 852 2686 animal
874 2663 1027 2694 parturition.

180 2700 269 2721 ‘4799ss
286 2700 306 2720 S,

1153 113 1223 145 494-

1561 114 1760 148 ACTIONES
1781 115 1942 149 VITALES

1215 205 1361 237 Kahleyss,
1375 206 1413 230 De
1427 206 1608 237 vegetabilium
1623 212 1647 231 et
1660 208 1799 232 animalium
1813 209 1964 232 differentiis.
1985 208 2062 233 llatae
2079 211 2150 233 4802.
2166 212 2187 233 S.

1214 246 1248 270 De
1262 247 1289 271 la
1305 246 1443 276 Mdtherie,
1459 247 1661 272 Consideiations
1674 257 1716 272 sur
1730 249 1766 273 les
1780 253 1847 273 mres
1861 250 2015 281 organisees.
2034 251 2102 274 Paris
2118 252 2190 274 4804.
2206 253 2226 273 S.

1213 288 1320 313 Car-ena
1330 308 1335 317 ,
1350 289 1387 312 De
1401 289 1542 312 animalium
1556 293 1581 313 et
1593 290 1732 320 plantarum
1747 291 1869 321 analogia.
1889 291 1988 315 Taurini
2005 293 2078 316 4805.
2093 293 2115 315 8.

1210 330 1290 354 ΙΙαιιη
1300 348 1305 357 ,
1325 331 1430 359 Quinam
1444 334 1501 353 sunt
1513 330 1605 354 limites
1619 331 1682 355 inter
1695 332 1770 356 vitam
1785 332 1925 356 animalium
1943 337 1967 356 et
1981 333 2176 364 vegetabilium?
2197 334 2275 362 [Lay-

1280 367 1344 392 den)
1360 367 1435 388 4824.
1450 367 1473 389 4.

1211 406 1364 435 Dutrochet,
1379 406 1543 430 Rechcrchcs
1557 408 1728 438 anatomiques
1743 412 1765 431 et
1780 408 1993 439 pbysiologiqnes.
2012 409 2080 433 Paris
2094 410 2166 432 4824.
2182 413 2203 431 8.

1379 449 1484 479 L'agent
1497 449 1623 473 iinmetliat
1637 450 1669 473 (lu
1684 455 1844 474 mouvt‘ment
1858 451 1922 474 vitat.
1944 451 2012 474 Paris
2028 452 2101 475 4826.
2117 454 2139 474 8.

1213 488 1331 518 ΙΙανιοῖε,
1353 489 1436 514 Ueber
1453 490 1541 514 innere
1559 491 1610 514 und
1628 495 1732 515 aussere
1746 491 1894 523 Bewegung
1913 491 1943 515 im
1964 493 2100 515 l’ssanzen—
2120 494 2168 516 unit
2188 493 2276 516 'l'bier-

1280 525 1375 549 reiche.
1397 525 1518 556 Marburg
1534 527 1609 549 4828.
1625 528 1647 549 8.

1212 564 1330 592 Nestler.
1345 566 1473 591 Discours.
1493 566 1644 597 Strassburg
1660 567 1734 590 4829.
1751 567 1772 589 4.

1210 606 1377 635 Dumortier,
1392 607 1555 631 Reclierehes
1569 616 1612 631 sur
1625 608 1646 631 la
1660 612 1784 631 structure
1798 611 1934 639 comparee
1947 610 1992 633 (les
2006 610 2119 633 animaux
2135 615 2157 633 et
2173 611 2218 634 des
2231 613 2276 633 ve-

1281 645 1379 674 getaux.
1400 642 1531 666 Bruxelles
1548 645 1623 667 4832.
1641 644 1661 666 4.

1216 683 1372 742 lVifflgrmd,
1391 684 1594 742 {ergleicheude
1614 685 1773 715 Physiologie
1792 685 1838 708 der
1851 684 1965 709 Pnanzen
1985 687 2035 709 und
2048 686 2147 710 Thiere.
2173 686 2276 710 tlt-idol-

1301 727 1346 750 erg
1362 721 1391 742 48
1414 721 1436 742 3.
1452 722 1475 743 8.

1210 760 1339 790 Elclzner,
1353 761 1391 784 Dc
1406 762 1454 784 tela
1468 762 1587 785 cellnlosa
1602 762 1737 793 vegetabili
1751 766 1775 785 et
1789 761 1895 785 animali.
1914 761 2039 785 Monacliii
2058 763 2131 786 1834,
2147 766 2169 786 8.

1212 801 1365 831 Dutrochet,
1386 802 1508 826 Mcmoire
1520 809 1590 833 ‘pour
1603 802 1683 825 servir
1702 805 1715 826 a
1732 802 1850 826 l'bistoire
1864 803 2024 833 anatomiqne
2038 808 2061 827 et
2081 803 2275 836 physiologique

1281 838 1327 861 des
1342 839 1467 867 vegetaux
1482 842 1504 861 et
1520 838 1565 860 des
1579 837 1703 860 animaux.
1722 837 1791 861 Paris
1811 839 1882 861 1837.
1900 839 1922 861 8.
1938 843 1962 861 et
1976 838 2050 862 Atlas.

1212 878 1359 907 Schwann,
1374 878 1600 908 Untersucbungen
1614 878 1678 902 uber
1691 879 1999 911 ‹lieUebereinstimmung
2012 880 2036 903 in
2049 881 2093 904 tter
2101 880 2212 904 Struktnr
2227 882 2275 904 und

1282 914 1340 937 (lem
1355 913 1518 937 Waclisthum
1531 914 1577 937 der
1590 913 1681 937 Thiere
1696 914 1746 937 und
1760 915 1883 938 I‘ssanzen.
1902 915 1985 939 Berlin
2002 916 2075 939 4839.
2091 918 2114 939 8.

1211 954 1344 984 Karsten,
1358 955 1395 978 De
1409 955 1472 979 cella
1487 955 1560 978 vitali.
1581 954 1688 978 Berolini
1704 955 1797 984 (1843.)
1813 958 1835 979 8.

1214 995 1316 1027 Unyer,
1330 996 1377 1020 Die
1390 997 1489 1020 Pssanze
1503 996 1535 1019 im
1549 996 1676 1020 Momente
1690 998 1735 1020 ‹ler
1748 996 1955 1029 Tliierwerdung.
1976 998 2048 1022 Wien
2067 998 2139 1021 4843.
2156 1000 2177 1021 8.

1211 1037 1332 1065 Siebolct,
1353 1038 1391 1061 De
1405 1038 1497 1061 tinibus
1511 1038 1574 1061 inter
1587 1046 1691 1069 regnum
1706 1039 1812 1062 animale
1826 1043 1851 1062 et
1865 1039 2005 1070 vegetabile
2019 1039 2207 1063 constituendis.
2230 1039 2276 1063 lir-

1281 1073 1369 1104 langae
1388 1074 1461 1096 4844.
1478 1074 1498 1096 4.

1526 1253 1750 1292 Actiones
1781 1254 1959 1293 vitales,

1211 1331 1314 1360 Lidclel,
1328 1331 1365 1355 De
1379 1331 1495 1355 facultate
1509 1335 1643 1362 vegetante
1658 1333 1764 1362 ejusque
1779 1332 1954 1357 functionibus.
1973 1333 2143 1359 Helmstadiae
2162 1337 2233 1359 ¹592.
2254 1337 2272 1358 t.

1210 1371 1382 1404 It'ittderliny,
1398 1372 1436 1396 Dc
1450 1379 1557 1403 corpore
1571 1373 1677 1396 animato
1691 1372 1832 1404 vegetabili.
1855 1373 2001 1398 l-lelmstadii
2017 1376 2092 1399 4622.
2107 1377 2129 1399 4.

1210 1412 1373 1442 Preibisius,
1388 1413 1426 1437 De
1440 1414 1520 1437 anima
1534 1413 1682 1444 vegetativa.
1703 1414 1803 1443 Lipsiae
1820 1415 1895 1437 4629.
1912 1415 1934 1437 4.

1211 1454 1364 1484 Heinricus,
1378 1455 1415 1478 De
1429 1455 1510 1479 anima
1523 1459 1666 1486 vegetante.
1688 1455 1788 1486 Lipsiae
1804 1456 1877 1479 4630.
1894 1456 1915 1479 4.

1211 1495 1325 1527 Reyher,
1340 1497 1377 1520 De
1391 1497 1473 1520 anima
1486 1500 1626 1527 vegetante.
1646 1496 1746 1527 Lipsiae
1763 1498 1838 1520 4632.
1853 1498 1875 1521 4.

1212 1538 1332 1570 Ittiyz'us,
1346 1538 1384 1562 De
1398 1539 1479 1562 anima
1493 1542 1636 1569 vegetante.
1654 1538 1753 1569 Lipsiae
1770 1540 1844 1562 4656.
1858 1540 1880 1562 4.

1212 1579 1313 1606 Grabe,
1329 1579 1366 1604 De
1380 1580 1429 1604 vita
1445 1584 1469 1603 et
1483 1580 1588 1603 sanitate
1601 1580 1749 1611 plantarum.
1768 1581 1846 1604 Jenae
1861 1582 1936 1605 4664.
1954 1582 1976 1605 4.

1211 1620 1406 1652 Lanyltez'nrieh
1415 1640 1421 1650 ,
1435 1621 1473 1644 De
1487 1628 1563 1644 sensu
1576 1621 1724 1651 plantarum.
1744 1621 1844 1652 Lipsiae
1857 1624 1932 1646 4672.
1945 1624 1966 1646 4.

1218 1662 1436 1689 Walclschmiedt,
1450 1663 1487 1686 De
1501 1663 1644 1694 plantarum
1656 1663 1827 1693 vegetatione.
1847 1663 1926 1688 Kiliac
1944 1666 1985 1688 474
1995 1667 2017 1689 0.
2032 1666 2053 1688 4.

1210 1703 1279 1728 Bose
1290 1722 1296 1732 ‚
1310 1704 1348 1727 De
1362 1708 1431 1727 motu
1445 1704 1585 1734 plantarum
1598 1711 1688 1728 sensus
1702 1704 1809 1728 aemulo.
1827 1704 1928 1735 Lipsiae
1946 1707 2019 1730 4728.
2034 1707 2056 1729 4.

1212 1746 1395 1776 Clzicoyneau,
1409 1745 1530 1770 Diseours
1544 1753 1587 1769 sur
1600 1745 1637 1769 les
1650 1745 1748 1776 plantes
1761 1746 1903 1770 sensitives.
1922 1747 2081 1779 Montpellier
2099 1750 2170 1772 1732.
2187 1751 2208 1772 4.

1213 1786 1392 1815 Grienwalclt,
1406 1787 1444 1810 De
1456 1787 1505 1810 vita
1519 1787 1666 1818 plantarum.
1686 1787 1796 1811 Altdorfii
1814 1789 1887 1811 4732.
1904 1789 1926 1812 4.

1211 1828 1315 1856 Gorcer,
1330 1827 1528 1852 Exercitationes
1542 1829 1655 1852 medicae
1669 1833 1782 1859 quatuor.
1797 1829 1848 1857 (Vis
1859 1829 1953 1857 vitalis.)
1972 1830 2148 1854 Amstelodami
2161 1832 2234 1854 4737.
2248 1833 2270 1854 4.

1211 1869 1298 1901 Stieff,
1312 1870 1349 1894 De
1362 1870 1412 1894 vita
1426 1870 1570 1901 nuptiisque
1583 1870 1731 1900 plantarum.
1750 1871 1850 1901 Lipsiae
1866 1871 1941 1895 4744.
1958 1872 1979 1894 4.

1211 1911 1306 1939 Lirme’,
1322 1911 1429 1936 Somnus
1442 1911 1591 1942 plantarum.
1610 1911 1725 1942 Upsaliae
1743 1913 1816 1936 4755.
1832 1913 1854 1936 4.

1211 1952 1275 1983 Hm,
1290 1952 1343 1977 The
1357 1953 1429 1983 sleep
1444 1953 1469 1976 os
1481 1953 1564 1984 plants
1577 1953 1712 1983 explaiu'd.
1732 1953 1836 1978 London
1853 1954 1927 1977 4757.
1944 1955 1982 1977 42.

1363 1990 1476 2016 (gallice,
1491 1991 1645 2017 germanice,
1660 1990 1762 2017 italice.)

1214 2026 1335 2055 Thicsen,
1347 2026 1386 2050 De
1399 2026 1540 2057 plantarum
1552 2026 1639 2049 anima.
1661 2026 1817 2056 Regiomonti
1833 2027 1908 2049 4758.
1925 2027 1946 2049 4.

1215 2066 1310 2099 Voyel,
1335 2067 1373 2091 De
1396 2072 1460 2092 statu
1479 2069 1635 2100 plantarum,
1660 2075 1710 2099 quo
1733 2071 1805 2092 noctu
1829 2067 1937 2091 dormire
1961 2069 2083 2092 (licuntur.

1282 2104 1356 2126 4759.
1372 2103 1393 2127 4.

1211 2137 1335 2169 (Covolo)
1349 2138 1468 2162 Discorso
1483 2138 1548 2162 della
1561 2139 1698 2162 irritabitita
1711 2138 1821 2162 d'alcuni
1835 2138 1896 2161 tiori.
1917 2138 2018 2162 Pirenze
2036 2140 2109 2162 4764.
2125 2141 2147 2162 8.

1362 2176 1485 2202 (anglice,
1500 2177 1664 2202 germanice.)

1213 2209 1315 2238 Unzer.
1338 2210 1401 2234 Vom
1420 2211 1527 2234 Gesuhle
1544 2211 1590 2234 der
1608 2211 1731 2235 Pssanzen.
1759 2211 1785 2233 ln
1804 2212 1857 2241 ejus
1876 2211 2055 2243 ‘'Sammlung»
2075 2216 2120 2236 etc.
2148 2213 2163 2236 l.
2196 2214 2269 2236 4766.

1279 2253 1304 2276 p.
1319 2246 1466 2269 242-255.

1213 2287 1339 2319 Oetinyer
1351 2292 1376 2311 et
1391 2287 1504 2315 Gmelt'n,
1524 2287 1675 2311 Irritabilitas
1688 2287 1828 2318 plantarum
1848 2287 1872 2310 in
1888 2288 1993 2318 singulis
2005 2288 2144 2319 plantarum
2159 2290 2271 2320 partibus

1279 2323 1415 2354 explorata.
1436 2323 1564 2354 Tubingae
1581 2324 1655 2346 4768.
1673 2323 1694 2345 4.

1209 2364 1362 2396 Fortemps,
1378 2365 1430 2388 Vita
1444 2364 1583 2395 plantarum
1595 2364 1721 2388 illustrata.
1740 2363 1908 2388 Vintlobonae
1925 2366 1998 2388 4780.
2014 2366 2036 2387 8.

1209 2405 1326 2436 Ιιένηεν,
1351 2406 1569 2436 Beobachtungen
1590 2406 1654 2429 iiber
1674 2406 1715 2429 die
1737 2405 1913 2437 beweglichen
1933 2406 2025 2430 Blatter
2047 2406 2092 2430 des
2113 2406 2270 2435 Hedysarnm

1279 2449 1378 2473 gyrans.
1398 2442 1517 2472 Stuttgart
1532 2441 1606 2464 4784.
1621 2441 1642 2464 4.

1212 2481 1343 2511 Tlaeibaud,
1362 2482 1506 2513 Disquisitio
1520 2486 1602 2506 utrum
1619 2482 1643 2506 in
1656 2481 1745 2513 plantis
1759 2482 1847 2506 existat
1860 2483 2010 2514 principium
2023 2482 2119 2507 vitale?
2137 2484 2270 2514 Monspelii

1210 2518 1497 2583 H03,0⁴,¹33'941{‚„2ffl-ffln
1510 2553 1618 2576 motibus
1631 2556 1656 2575 et
1668 2552 1725 2576 vita.
1745 2552 1884 2584 Edinburgi
1900 2554 1974 2576 4787.
1990 2555 2012 2576 ὃ.

1210 2592 1440 2621 Ci1·2·llo‚Discorsi
1458 2594 1594 2618 academici
1615 2593 1674 2621 (Del
1693 2599 1758 2617 moto
1779 2603 1792 2617 o
1811 2595 1875 2618 (tella
1892 2594 2028 2619 irritabilita
2048 2596 2089 2619 de·
2109 2596 2266 2626 vegetabili).

1279 2636 1297 2652 s.
1311 2629 1324 2652 1.
1341 2630 1416 2652 4789.
1433 2630 1456 2652 8.

2123 2070 2271 2100 Goettingae

1067 2665 1169 2688 London
1208 2662 1341 2691 Percu-al,
1357 2664 1531 2694 Speculations
1545 2671 1577 2687 on
1590 2664 1632 2687 the
1646 2666 1794 2695 pert-optivo
1809 2673 1896 2696 power
1906 2666 1934 2689 ol
1943 2665 2098 2696 vegetables.
2119 2666 2204 2692 (Mem.
2215 2674 2267 2690 soc,

1280 2699 1439 2723 Maimliester
1453 2699 1510 2724 voll.
1522 2699 1549 2723 Π.
1564 2707 1587 2730 p.
1600 2701 1608 2722 4
1618 2700 1754 2727 44—430.)
