2360 2942
177 107 495 144 MONOGRAPHIAE
513 107 750 142 PLANTARUM
770 107 1048 142 OFFICINALIUM

308 204 450 231 Fraxinus
469 203 560 230 Orntts
575 203 602 229 L.
620 205 647 230 et
662 202 692 229 F.
707 202 887 238 roltmdifolia
903 202 929 229 L.

93 263 214 288 Donatus
229 262 263 288 ab
277 262 424 291 Altomart',
438 262 476 286 De
490 262 600 287 Marinae
613 261 768 285 differentiis.
787 260 902 284 venetiis
919 261 992 284 4562.
1008 261 1030 283 4.

91 304 252 336 Maqnenus,
264 304 302 328 De
316 304 406 328 Manna
420 304 483 328 liber
496 304 635 335 singularis.
655 303 731 326 Ticini
747 302 822 326 4648.
836 303 858 325 8.

92 344 270 376 llolfwenius‚
283 345 321 369 De
334 345 432 369 Manna.
451 345 568 376 Upsaliae
585 345 658 368 4684.
672 345 695 367 S.

91 386 256 414 Salmasius,
275 386 313 410 De
327 386 425 411 Manna.
448 386 474 410 In
489 387 543 417 ojus
556 385 662 409 «Exere.
677 385 710 409 de
727 384 908 413 homonymis».
934 383 1040 415 Trajecti
1054 379 1149 415 aleh.

162 423 236 446 4689.
249 422 316 445 solio.
331 429 356 452 p.
368 421 514 445 245—254.

91 462 248 495 Hoffmann.
262 463 300 487 De
314 463 411 487 Manna.
431 462 507 486 llatae
523 462 599 485 4725.
616 461 639 484 4.

93 504 206 534 Meister,
221 504 259 528 Do
272 504 368 528 Manna.
389 502 535 526 llelrnstadii
550 503 625 525 4725.
640 503 662 525 4.

92 545 232 578 Manyold,
245 546 282 569 De
297 545 395 569 Manna.
413 543 508 567 Rinteln
524 545 598 567 4725.
613 543 637 568 4.

93 587 191 618 Sailly,
204 587 242 611 De
255 586 353 610 Manna.
372 584 487 615 Lugduni
501 583 650 609 Batavorum
665 584 741 608 4740.
758 584 780 606 4.

94 628 219 654 Trainer.
234 627 343 651 Examen
358 625 500 650 chemicum
513 625 630 650 Mannae.
651 625 776 656 Erlangae
792 626 866 648 4793.
882 626 904 647 S.

460 697 484 723 F
484 705 550 724 acus
564 697 731 724 vesiculosus
746 696 774 722 L.

93 758 192 786 Delius,
207 757 244 781 De
258 756 380 787 Aethiope.
393 755 536 787 vegetabili.
556 755 680 787 Erlangae
696 756 771 779 4774.
787 756 811 779 4.

450 827 583 854 Fumaria
599 827 744 863 officinalis
759 827 786 853 L.

92 886 282 916 camerarius,
295 886 333 910 De
347 886 469 909 Fumaria.
488 886 619 917 Tubingae
636 887 710 909 4748.
725 886 748 910 4.

94 929 222 958 Uvmzz'us,
235 928 273 952 De
285 928 365 952 herba
379 928 501 952 Fumaria.
523 927 668 958 Groningae
684 929 759 951 4723.
777 929 798 951 4.

93 970 210 1001 Roussy,
224 970 261 994 De
274 969 389 994 Fumaria
402 969 506 1000 vulgari.
523 969 683 1000 Argentorati
699 969 773 993 4749.
789 969 811 992 4.

93 1010 280 1040 llandschuch,
295 1011 334 1036 De
347 1011 436 1042 plantis
449 1010 616 1035 fumariaceis.
636 1010 761 1042 Erlangae
777 1011 850 1034 4832.
866 1011 888 1033 8.

423 1081 537 1117 Galipea
551 1081 692 1117 febrifuga
709 1081 818 1109 St.-Hil.

411 1134 509 1161 (Cortex
524 1135 678 1161 Angusturae
693 1135 834 1160 genuinus.)

93 1189 193 1219 Meyer,
206 1188 244 1212 De
259 1188 354 1212 cortice
367 1188 535 1219 Angusturae.
557 1187 704 1218 Goeltingae
720 1189 794 1210 4790.
809 1189 830 1210 8.

91 1230 214 1259 Brande,
227 1229 402 1260 Experiments
416 1236 447 1251 on
462 1228 502 1252 the
516 1228 659 1259 Angustum
672 1228 741 1252 bai-k.
761 1228 863 1252 London
880 1230 953 1252 4794.
970 1231 992 1252 S.

91 1271 184 1301 Fater,
198 1271 236 1294 De
251 1271 344 1294 cortice
358 1269 525 1299 Angusturae.
545 1269 624 1292 Jenae
640 1270 649 1292 4
659 1271 716 1292 791.
731 1269 752 1292 4.

94 1312 246 1343 lettnbery,
261 1311 299 1335 De
314 1310 407 1334 cortice
421 1310 586 1341 Angusturae.
608 1310 724 1340 Upsaliae
740 1311 814 1334 4793.
829 1311 852 1334 4.

92 1354 217 1378 Bornitz.
237 1353 275 1419 Ιὶθ
289 1352 388 1409 corticZ's
401 1351 560 1382 Angusturae
580 1351 672 1382 patria,
691 1351 821 1382 principiis
838 1358 939 1382 usuque
957 1352 1067 1375 medico.
1092 1351 1154 1375 Tra—

158 1389 217 1420 jeeti
231 1396 244 1412 a
262 1388 291 1410 V.
308 1389 355 1410 480
377 1405 381 1410 .
396 1388 419 1410 8.

90 1429 258 1459 Αιιιθηνῖθτὴ,
271 1429 356 1453 Ueber
368 1428 410 1452 die
424 1427 497 1452 achte
510 1427 734 1460 Angusturarinde.
753 1428 872 1458 stuttgart
887 1429 961 1451 4844.
975 1430 998 1452 8.

93 1472 174 1503 Bury.
189 1472 227 1495 De
241 1472 399 1502 Angustume
413 1470 508 1494 cortice
522 1470 617 1501 spurio.
636 1469 801 1493 Vratislaviae
817 1469 892 1493 4844.
907 1471 929 1493 8.

432 1540 541 1568 Galz'um
555 1540 765 1577 rotzmdifolinm
781 1540 808 1566 L.

94 1602 178 1634 Selia,
193 1601 230 1625 De
244 1600 306 1625 Galii
320 1600 471 1624 rotundil‘olii
485 1607 533 1624 usu
545 1600 655 1624 medico.
674 1599 797 1631 Erlangae
813 1601 887 1623 4802.
902 1602 923 1624 S.

422 1671 555 1698 Garcinia
572 1671 720 1706 Camboyz‘a
735 1670 825 1698 Roxb.

94 1733 202 1763 Jaegyer.
218 1731 256 1755 De
270 1730 425 1761 Cambogiae
439 1731 528 1754 Guttae
541 1738 626 1754 succo.
645 1730 775 1762 Tuhingae
792 1732 865 1754 4777.
881 1731 902 1753 4.

490 1802 639 1828 Gentianae
654 1802 764 1837 species.

97 1862 217 1893 Slevoyt,
231 1861 270 1885 De
284 1861 413 1885 Gentiana.
432 1861 511 1885 Jenae
529 1861 602 1884 4720.
619 1861 642 1884 4.

96 1904 261 1929 Hartmann.
276 1902 382 1926 Historia
393 1902 530 1926 Gentianae
544 1901 662 1925 naturalis
677 1905 701 1925 et
713 1902 821 1926 medica.
841 1902 948 1934 Trajecti
959 1899 1011 1932 alV.
1028 1903 1101 1925 4777.
1118 1902 1139 1926 4.

97 1943 234 1975 Mulvius,
246 1942 319 1967 Essai
333 1951 376 1967 sut·
390 1944 426 1967 les
437 1943 581 1968 Gentianes.
599 1944 669 1967 Paris
684 1945 759 1967 4840.
774 1944 796 1966 4.

418 2014 565 2050 Geoffroya
579 2015 692 2041 inermis
707 2015 828 2049 W'right.

100 2073 256 2105 Kliitysoltr,
269 2072 307 2096 De
322 2073 454 2097 Gooss‘roea
466 2073 556 2097 inermi
570 2074 677 2105 ejusque
690 2074 792 2098 cortice.
812 2073 935 2105 Erlangae
952 2075 1025 2097 1788.
1041 2074 1063 2097 4.

389 2143 535 2179 Geoffroya
551 2145 749 2172 surinamensis
763 2145 866 2172 Bondt.

101 2205 198 2233 uomit.
212 2204 251 2228 De
264 2202 358 2227 cortice
372 2203 504 2226 Geoffroae
518 2203 704 2227 surinamensis.
724 2204 839 2235 Lugduni
852 2204 1002 2228 Batavorum
1018 2205 1092 2228 4788.
1107 2206 1129 2227 8,

250 2241 419 2267 (hollandice.)

99 2282 210 2314 Effert,
226 2283 374 2307 Geoss'raeae
387 2282 566 2306 surinamensis
580 2282 658 2306 virtus
672 2283 864 2307 anthelmintiea.
884 2284 1013 2315 Marhurgi
1028 2285 1104 2308 4794.
1120 2287 1142 2307 8.

100 2324 272 2352 Schwartze,
304 2323 342 2348 De
369 2324 460 2347 virtute
483 2323 583 2348 corticis
605 2324 753 2348 Geofl'raeae
781 2325 967 2349 snrinamensis.
1011 2325 1158 2357 Goettingae

172 2361 246 2383 4792.
261 2360 283 2382 lt.

104 2399 324 2428 lluettenschinid,
343 2399 459 2431 Analysis
473 2400 587 2424 chomiea
600 2399 699 2424 corticis
713 2400 864 2429 Geotrroyao
879 2402 1041 2433 jamnicensis
1056 2406 1080 2426 ez
1093 2401 1160 2426 suri—

172 2436 303 2460 namensis.
324 2435 510 2466 Heidelbergae
525 2436 601 2460 4824.
618 2437 640 2459 S.

429 2505 578 2533 Geranium
594 2506 785 2534 Robertiammz
800 2506 827 2532 L.

107 2564 248 2594 Hinderer,
261 2565 299 2589 De
313 2565 420 2589 Geranio
433 2565 593 2589 Robertiano.
613 2565 702 2590 Gissae
717 2566 792 2590 4774.
808 2566 829 2588 4.

491 2635 576 2664 Geum
590 2637 729 2664 urbanum
742 2637 771 2664 L.

108 2694 258 2724 Ituchltnve,
272 2695 466 2720 Observationes
479 2695 546 2721 circa
560 2696 606 2720 Gei
618 2696 707 2721 urbani
718 2696 793 2721 vires.
812 2695 917 2721 Hasniae
933 2697 1007 2720 4784.
1022 2697 1045 2720 8,

1137 107 1209 140 454

1299 107 1617 141 MONOGRAPHIAE
1635 106 1873 141 PLANTARUM
1891 106 2171 142 OFFICINALIUM

1190 200 1292 232 Λώου,
1307 199 1346 225 Do
1359 201 1446 224 radice
1460 200 1669 232 Caryophyllatae
1682 200 1800 232 vulgaris.
1820 200 1970 231 Goettingae
1986 201 2060 224 4783.
2074 201 2096 223 4.

1191 241 1373 270 Linderlzolm,
1388 241 1427 265 De
1441 242 1494 265 Geo
1507 241 1611 266 urbano.
1630 242 1746 274 Upsaliae
1762 243 1838 266 4827.
1853 242 1876 265 4.

1547 311 1690 339 Glechoma
1706 312 1853 340 heder-acea
1868 312 1896 339 L.

1191 371 1291 401 Heder,
1306 370 1408 396 Hedera
1421 371 1555 395 terrestris.
1574 371 1685 395 Altdorfii
1702 373 1775 395 4736.
1792 372 1814 395 4.

1192 412 1309 441 liencler,
1324 412 1444 436 Glecorna
1457 412 1601 436 hederacea
1615 412 1639 436 in
1653 413 1774 444 atrophia.
1794 412 1921 444 Erlangae
1936 413 2010 436 4787.
2025 413 2047 434 4.

1553 482 1731 518 Glycyrrhiza
1746 483 1843 518 {flabra
1860 484 1887 511 L.

1192 541 1275 571 (λοσε,
1287 542 1325 565 Do
1339 542 1506 571 Glycyrrhiza.
1526 542 1638 566 Altdorlii
1655 542 1748 569 (1715.)
1764 542 1785 565 4.

1196 582 1297 613 1Vezlel,
1311 584 1349 607 De
1363 583 1532 614 Glycyrrhiza.
1551 583 1631 608 Jenae
1647 585 1722 606 1717.
1739 583 1761 606 4.

1192 624 1356 654 Beclmzann,
1369 624 1574 649 Waarenkunde.
1590 625 1611 654 1,
1625 632 1649 656 p.
1661 624 1808 648 392—440.

1558 695 1682 722 Gratiola
1698 694 1843 731 officinalis
1859 695 1888 721 L.

1193 753 1331 781 Buerclrel.
1345 753 1384 777 De
1398 753 1514 777 Gratiola.
1534 753 1692 785 Argentorati
1709 755 1782 778 1738.
1797 754 1818 777 4.

1192 794 1390 822 Ιιόειι·;ιίυ.ς]ιί”,
1404 795 1443 819 De
1457 795 1572 818 Gratiola.
1592 795 1705 819 Viennae
1725 797 1797 818 1775.
1813 796 1834 818 8.

1193 836 1358 866 ΙΙηνΙηιιιηη,
1372 836 1411 860 De
1427 836 1543 860 Gratiola.
1562 836 1670 868 Trajecti
1684 834 1743 866 asV.
1760 836 1835 860 4784.
1851 836 1873 859 4.

1193 877 1322 907 Sommer,
1336 877 1374 902 Do.
1388 878 1480 901 virtute
1494 877 1619 901 Gratiolae
1633 877 1765 901 officinalis
1778 877 1806 900 L.
1825 877 1902 908 Rigae
1917 877 1993 900 4796.
2009 877 2031 899 4.

1192 919 1228 943 Dc
1242 919 1269 943 la
1283 919 1375 951 Vsque.
1390 919 1429 943 De
1444 919 1552 943 Gratiola
1567 919 1682 942 officinali
1695 919 1721 942 L.
1740 918 1865 950 Erlangae
1881 920 1956 942 4799.
1971 919 1992 941 8.

1194 960 1315 989 ΕνΙιω-ιί,
1330 960 1367 984 De
1382 961 1490 984 Gratiola
1503 960 1629 984 officinali.
1647 960 1746 991 Lipsiae
1762 962 1837 984 4848.
1853 960 1876 984 4.

1192 1001 1357 1060 Μιιιϊ118(14]ι(1,
1378 1002 1443 1026 Faits
1461 1010 1527 1033 pour
1544 1003 1625 1027 servir
1643 1005 1657 1026 a
1675 1001 1796 1026 l'histoire
1815 1001 1942 1032 chimique
1960 1001 1993 1025 de
2010 1000 2032 1024 la
2046 1000 2161 1024 Gratiole.
2187 1001 2254 1025 Paris

1264 1039 1272 1060 4
1317 1039 1338 1061 5,
1353 1039 1375 1061 8.

1554 1099 1707 1135 Guajczcum
1721 1098 1855 1134 officinale
1867 1098 1896 1125 L.

1196 1156 1282 1181 Ulrt'clz
1296 1164 1348 1182 von
1363 1156 1472 1187 Halten,
1486 1157 1525 1182 De
1539 1158 1640 1190 Guajaci
1653 1157 1786 1182 medicina.
1804 1156 1950 1188 Moguntiae
1966 1157 2041 1180 4549.
2058 1157 2078 1180 4.

1345 1196 1467 1223 (anglice,
1482 1197 1590 1223 galilee.)

1192 1236 1332 1295 Deliczzdoy
1352 1237 1381 1295 {A
1398 1239 1474 1262 modo
1492 1239 1525 1262 de
1545 1239 1668 1268 adoptare
1687 1237 1704 1261 il
1720 1236 1796 1268 legno
1813 1237 1845 1261 de
1861 1236 1932 1260 India
1950 1235 2116 1260 occidentale.
2143 1234 2255 1259 venetiis

1281 1274 1338 1295 529.
1373 1291 1378 1296 .

1193 1311 1265 1344 ΒΜΓ,
1278 1312 1342 1337 Vom
1356 1313 1473 1344 Guajaco.
1493 1312 1640 1344 Strassburg
1654 1314 1729 1336 4544.
1743 1314 1766 1336 8.

1192 1353 1328 1384 Blondtaes,
1341 1354 1380 1379 De
1394 1355 1495 1386 ancipiti
1508 1355 1566 1385 ligni
1581 1355 1656 1379 indici
1669 1354 1831 1386 proprietate.
1849 1353 1962 1377 venetiis
1977 1354 2052 1377 4542.
2069 1354 2108 1375 42.

1192 1395 1370 1425 Paracdsus,
1385 1395 1436 1420 Das
1450 1395 1640 1420 Holzbuchlein.
1658 1404 1678 1420 s.
1690 1396 1705 1420 1.
1721 1397 1795 1419 4565,
1810 1396 1833 1419 8.

1192 1437 1333 1468 Minatus,
1347 1437 1386 1461 De
1401 1438 1593 1469 (Sarzaparillae
1607 1438 1645 1465 et)
1659 1437 1732 1468 Ligni
1745 1436 1824 1461 sancti
1836 1436 1941 1460 viribus.
1961 1435 2035 1459 Senis
2050 1436 2124 1458 4593.
2138 1435 2158 1457 4.

1195 1478 1325 1508 Clemens,
1339 1479 1378 1504 De
1391 1484 1479 1503 natura
1493 1484 1518 1503 et
1531 1479 1691 1504 facultatibus
1704 1479 1763 1511 ligni
1777 1479 1864 1503 sancti.
1882 1479 1977 1502 Romae
1991 1479 2066 1501 4604.
2081 1477 2102 1500 4.

1195 1520 1380 1549 Camerarius,
1393 1520 1432 1545 De
1446 1521 1512 1552 ligno
1525 1526 1613 1545 sancto
1628 1520 1830 1545 commentarius.
1847 1519 1941 1544 Romae
1958 1520 2031 1543 4602.
2045 1519 2068 1542 8.

1195 1561 1348 1594 Caqnatus,
1362 1562 1400 1586 De
1412 1563 1480 1593 ligno
1493 1567 1581 1587 sancto
1594 1563 1777 1594 disputationes
1789 1562 1874 1586 binae.
1891 1562 1987 1585 Romae
2002 1561 2076 1583 4603.
2092 1560 2115 1584 4.

1192 1603 1336 1633 Friclertci,
1349 1605 1482 1636 Guajaean.
1500 1604 1580 1628 Jenae
1594 1605 1670 1627 4665.
1686 1604 1708 1627 4.

1474 1674 1694 1710 Haematooeylon
1709 1673 1931 1709 campecht'anum
1947 1673 1975 1699 L.

1200 1733 1345 1762 IVehzriclz,
1359 1733 1398 1757 De
1411 1733 1592 1763 Haematoxylo
1605 1733 1795 1765 campechiano.
1813 1732 1937 1763 Erlangae
1957 1733 2025 1756 1780.
2041 1733 2062 1754 4.

1560 1804 1719 1832 Helianthus
1736 1812 1847 1831 annuus
1862 1803 1890 1830 L.

1195 1863 1314 1923 Franllrla,
1337 1864 1490 1888 Grundliehe
1509 1863 1702 1895 Untersuchung
1722 1864 1768 1888 der
1791 1862 2040 1894 unvergleichlichen
2059 1861 2255 1886 Sonnenblume.

1293 1907 1316 1923 m
1332 1901 1406 1923 4725.
1422 1901 1444 1922 8.

1456 1970 1612 1997 Helleborus
1627 1970 1705 2004 πίθον
1719 1970 1747 1996 L.
1764 1972 1792 1996 et
1806 1968 1840 1995 H.
1855 1967 1952 1995 viridis
1968 1968 1995 1994 L.

1196 2029 1315 2061 Mezsyer,
1329 2029 1482 2054 Helleborus
1495 2029 1567 2060 niger
1580 2029 1679 2052 medice
1693 2028 1844 2052 detinemus.
1862 2026 1992 2058 Tubingae
2012 2027 2082 2050 1684.
2098 2028 2119 2049 4.

1201 2070 1361 2099 Ῐῐόἰίθὺίιιδ,
1375 2071 1414 2095 De
1426 2071 1563 2095 Helleboro
1576 2071 1656 2101 nigro.
1675 2069 1792 2093 Basileae
1807 2069 1855 2092 472
1865 2070 1881 2091 1.
1899 2069 1920 2091 4.

1196 2111 1291 2141 Baz'er,
1306 2112 1343 2136 De
1358 2112 1493 2136 Helleboro
1506 2112 1585 2143 nigro.
1603 2110 1705 2135 Altdorfi
1721 2111 1795 2133 4733.
1811 2110 1832 2132 4.

1197 2153 1345 2183 Bueclmer,
1360 2153 1398 2178 De
1412 2161 1461 2177 usu
1473 2153 1585 2177 Ellebori
1598 2152 1669 2184 nigri.
1690 2151 1767 2176 Halae
1787 2152 1859 2174 1751.
1875 2151 1897 2173 4.

1196 2193 1335 2224 Boehmer,
1355 2194 1393 2253 ige
1407 2194 1536 2219 Hellebori
1550 2195 1615 2226 nigri
1632 2198 1707 2225 atque
1719 2193 1868 2224 praasenim
1881 2192 1970 2216 viridis
1983 2199 2032 2216 usu
2044 2193 2152 2217 medico.
2179 2193 2257 2218 Halae

1267 2231 1343 2253 4774.
1379 2249 1383 2253 .

1200 2270 1305 2300 Lincltv,
1319 2271 1357 2295 De
1370 2271 1497 2295 Hellebori
1510 2271 1573 2302 nigri
1587 2275 1664 2301 atque
1675 2270 1763 2294 viridis
1776 2277 1833 2293 usu.
1852 2269 1930 2293 Halae
1945 2270 2020 2292 4774.
2036 2269 2060 2294 4.

1320 2312 1359 2336 De
1373 2312 1501 2336 Hellebori
1513 2312 1601 2336 viridis
1614 2319 1670 2335 usu.
1690 2311 1823 2335 Servestae
1840 2312 1914 2334 1775.
1930 2311 1952 2334 4.

1197 2353 1350 2377 Harlmamt
1360 2372 1366 2383 ,
1380 2353 1465 2377 Virtus
1477 2353 1604 2377 Hellebori
1618 2352 1681 2383 nigri
1695 2352 1852 2383 hydrogoga.
1871 2352 1980 2383 Trajecti
1994 2350 2052 2385 οβ’.
2069 2354 2143 2377 4786.
2157 2353 2180 2376 4.

1198 2394 1389 2424 ΗαΙιιιοηιαηη,
1403 2395 1442 2419 De
1455 2394 1639 2419 Helleborismo
1653 2398 1776 2418 veterum.
1797 2394 1898 2425 Lipsiae
1912 2395 1988 2417 4842.
2005 2395 2027 2417 S.

1202 2436 1313 2465 Tobias,
1328 2437 1365 2461 De
1379 2436 1508 2461 Hellebori
1522 2437 1586 2468 nigri
1598 2436 1682 2460 indole
1697 2440 1720 2460 et
1733 2444 1788 2460 usu.
1810 2436 1918 2460 Berolini
1934 2437 2010 2460 4849.
2025 2438 2047 2460 8.

1200 2478 1322 2507 Ribbeck,
1336 2478 1374 2503 De
1387 2479 1571 2504 Helleborismo
1583 2482 1705 2503 veterum.
1724 2477 1834 2501 Berolini
1850 2478 1925 2501 4844.
1942 2479 1965 2501 8.

1487 2552 1747 2580 Helmz'nthochortos
1763 2552 1907 2588 officinalis
1922 2552 1968 2579 Lk.

1201 2611 1437 2641 Sclavendimann,
1451 2611 1673 2636 Helminthochorti
1686 2611 1788 2635 historia
1799 2616 1873 2643 atque
1885 2612 1962 2635 vires.
1979 2610 2134 2642 Argentorati
2146 2611 2219 2634 4780.
2231 2610 2256 2633 4.

1201 2653 1398 2683 Haemum-len,
1412 2653 1451 2678 De
1463 2653 1530 2677 Fuco
1543 2653 1776 2677 helminthochorto.
1795 2653 1917 2684 Erlangae
1932 2654 2008 2677 4792.
2025 2654 2047 2676 8.

1202 2695 1237 2721 De
1250 2695 1390 2725 Candolle,
1405 2696 1469 2720 Note
1481 2703 1525 2720 sur
1537 2695 1559 2719 la
1572 2703 1675 2720 mousse
1690 2696 1722 2720 de
1736 2694 1821 2720 Corse.
1841 2695 1914 2723 (Bull.
1926 2702 1977 2720 soc.
1991 2694 2051 2725 phil.
2067 2695 2142 2718 4805.
2158 2694 2257 2725 p.363.)
