2360 2942
186 102 505 138 MONOGRAPHIAE
524 101 761 137 PLANTARUM
780 101 1059 136 OFFICINALIUM

112 196 239 227 civinini,
253 197 325 221 Della
338 196 414 220 storia
428 204 442 220 e
455 200 543 220 natura
557 196 598 220 dol
612 196 684 220 calle.
702 196 805 219 Firenze
821 197 896 219 4734.
911 196 932 218 4.

108 238 226 267 Mz'lhau,
240 238 407 262 Dissertation
420 245 463 262 sur
476 238 499 262 le
512 238 630 269 caffeyer.
650 237 808 267 Montpellier
823 237 896 260 4746.
911 237 933 259 8.

110 280 192 305 Dalla
205 279 295 308 Bona,
307 280 381 304 L'uso
396 287 410 303 e
423 279 522 303 l'abuso
536 279 576 303 del
591 279 669 303 Call‘e.
689 278 788 302 Verona
805 280 879 302 4754.
895 279 918 301 8,

109 321 222 351 Gmelin,
236 322 273 346 De
288 321 386 358 Coss'ee.0
400 321 534 351 TubIngae
550 322 624 344 4752.
639 321 661 343 4,

108 362 199 392 Kalm,
214 364 260 387 Om
274 362 353 387 Cal'se.
371 361 428 386 Abo
444 364 518 386 4755.
533 363 555 385 4.

109 403 205 433 Linne,
217 405 295 429 Potus
309 404 420 428 Coffeae.
439 403 556 434 Upsaliae
573 404 647 426 4764.
662 403 683 425 4.

108 445 288 475 Monnereau,
307 446 354 470 Sur
366 445 389 468 la
402 444 498 469 culture
512 445 546 467 <lu
559 444 622 467 case.
648 443 674 467 In
688 444 744 474 ejus
758 443 810 467 «Le
823 442 915 474 parsait
926 442 1082 474 indigotier».
1108 442 1170 466 Am-

178 482 289 506 sterdam
304 482 379 504 4765.
397 482 435 503 42.

107 521 189 552 Ellis,
202 523 239 547 An
252 522 379 546 historical
394 524 501 545 account
513 520 539 544 of
551 520 639 543 coffec.
660 519 764 543 London
780 520 854 543 4774.
871 520 893 543 4.

260 558 374 585 (italice.)

108 601 199 633 Hoser,
213 600 381 630 Abhandlung
394 606 453 624 vom
466 598 561 623 Kafsee.
582 598 712 622 Franksurt
726 600 802 622 4784.
817 599 839 622 8.

107 642 226 671 Buclmz,
241 640 406 665 Dissertation
420 647 464 663 sur
476 639 500 662 le
514 639 577 663 case.
596 639 666 663 Paris
683 641 756 663 4787.
772 641 794 663 8.

110 683 206 712 Geni-il,
220 682 387 707 Dissertation
401 689 445 705 sur
458 681 481 704 lo
496 680 560 705 cale.
578 681 648 704 Paris
663 682 737 704 4787.
753 682 775 704 8.

108 724 300 751 llahrwnzann,
312 723 364 747 Der
375 723 462 747 Kaffee
475 722 500 746 in
514 722 601 746 seinen
614 721 778 754 Wirkungen.
798 722 900 753 Leipzig
918 723 991 746 1803.
1006 724 1028 745 8.

259 761 378 787 (gallice.)

108 803 264 829 Cadet—cle-
272 802 363 831 Vaux,
379 802 426 826 Sur
439 802 462 826 le
476 802 539 826 case.
557 801 628 826 Paris
644 803 718 825 4806.
734 803 757 824 8.

106 845 244 873 Fauchon,
258 844 424 868 Dissertation
439 851 482 867 sur
495 844 518 867 le
533 844 597 867 case.
617 843 688 867 Paris
704 844 778 866 4845.
793 843 815 866 4.

110 887 202 917 γίνου,
217 887 263 910 Sur
275 887 300 910 le
314 886 370 909 case
383 888 408 909 et
421 885 444 909 le
457 892 536 916 genre
551 885 644 909 Coffea.
663 885 733 909 Paris
749 885 822 908 4816.
839 885 878 907 42,

105 927 272 957 Abendroth,
285 928 323 951 De
334 926 428 950 Coffea.
448 927 550 958 Lipsiae
566 928 643 950 4825.
661 927 683 950 4.

106 969 264 997 ΚίΙιίηιαηη,
277 969 356 992 Kaffe.
376 968 519 992 Stockholm
534 969 608 991 4828.
624 969 646 991 8.

110 1010 315 1041 Weilenweber‚
328 1011 379 1034 Der
391 1010 525 1034 arabische
538 1010 634 1033 Kaffee.
655 1010 722 1039 Prag
738 1009 812 1032 4835.
826 1010 848 1032 8.

105 1053 232 1083 Marcus,
245 1052 284 1076 De
298 1052 394 1077 Coffea.
412 1051 512 1082 Lipsiae
527 1052 603 1075 4837.
620 1051 642 1074 4.

105 1093 237 1122 Emerich,
250 1093 288 1117 De
303 1092 406 1116 Coffeae
419 1092 588 1116 facultalibus.
607 1091 715 1115 Berolini
731 1092 808 1114 4839.
823 1092 846 1114 8.

110 1134 250 1167 Trappen,
264 1135 302 1159 De
315 1134 410 1160 Coffea.
431 1133 539 1165 Trajecti
553 1131 632 1166 ath.
648 1133 722 1156 4843.
737 1133 759 1156 8.

452 1204 603 1233 Colchicum
618 1204 777 1231 autumnale
796 1205 807 1231 Ι
811 1222 825 1231 ..

111 1265 212 1295 Wedel,
225 1266 263 1289 De
277 1264 397 1289 Colchico
410 1271 509 1288 veneno
524 1268 549 1288 et
563 1264 772 1294 alexipharmaco.
791 1263 871 1287 Jenae
886 1264 960 1286 4748.
977 1264 998 1286 4.

111 1307 252 1337 Wiltwlmi,
268 1307 414 1331 Colchicum
427 1306 508 1330 wider
521 1306 562 1330 die
576 1307 642 1329 Pest.
662 1305 765 1336 Leipzig
780 1306 854 1328 4724.
870 1305 892 1328 4.

107 1349 229 1379 Stoerclc,
243 1348 352 1373 Libellus
366 1349 398 1371 de
413 1347 533 1371 Colchico
547 1347 689 1371 autumnali.
709 1346 878 1370 Vindobonae
893 1347 967 1370 4763.
984 1348 1006 1369 8.

258 1386 376 1413 (anglice,
392 1385 498 1411 gallice.)

105 1429 281 1458 Kracoclzvill‚
295 1429 335 1453 De
347 1428 434 1452 radice
448 1427 561 1452 Colchici
575 1427 730 1452 autumnalis.
751 1426 906 1451 Francofurti
920 1424 981 1457 alV.
998 1426 1072 1450 4764.
1087 1427 1108 1449 8.

105 1471 259 1499 Eltrmann,
273 1471 311 1495 De
326 1470 445 1494 Colchico
459 1470 601 1493 autumnali.
620 1469 739 1493 Basileae
754 1470 831 1492 4772.
846 1469 868 1492 4.

108 1512 218 1542 Creutz,
233 1513 272 1537 De
286 1512 406 1536 Colchico
419 1510 562 1534 autumnali.
583 1510 693 1534 Beroliui
709 1511 784 1534 4826.
799 1511 822 1534 8.

107 1553 199 1583 Noell,
227 1554 310 1579 Ueber
331 1553 372 1578 die
393 1552 573 1576 Wirksamkeit
595 1553 642 1576 des
666 1551 814 1576 Colcllicum
836 1552 988 1576 autumnale.
1027 1551 1170 1583 XVurzburg

177 1591 253 1614 4826.
268 1591 290 1613 8.

106 1631 209 1659 Fri-sch,
223 1631 261 1655 De
276 1630 501 1654 Colchicacearum
514 1628 603 1652 virtute
617 1628 724 1651 medica.
743 1628 839 1659 Pragae
855 1629 929 1651 4835.
944 1629 966 1651 8.

108 1672 228 1702 Hauser,
241 1673 279 1696 De
293 1671 414 1695 Colchico
427 1669 570 1693 autumnali.
589 1669 671 1692 Turici
689 1670 764 1691 4835.
780 1670 802 1692 8.

108 1714 266 1744 ScMoeder,
280 1713 319 1737 De
332 1712 456 1736 seminum
470 1711 582 1734 Colchici
596 1710 748 1733 autumnalis
761 1710 860 1734 virtute.
880 1710 958 1734 Kiliao
975 1712 1049 1734 4836.
1067 1712 1088 1734 4.

111 1756 216 1784 Goehel,
230 1756 269 1780 De
283 1754 404 1779 Colchico
418 1753 561 1777 autumnali.
582 1752 705 1782 Lipsiaeael
715 1753 773 1775 843.
788 1753 811 1776 4.

469 1824 583 1851 Conium
597 1824 764 1850 maculatum
784 1823 813 1850 L.

493 1868 536 1894 (cf.
551 1868 633 1889 Cicuta
649 1868 732 1890 virosa
747 1868 783 1895 L.)

109 1916 340 1946 Mischkovicsew,
354 1916 392 1940 De
406 1915 484 1940 Couio
497 1915 630 1939 maculato.
650 1915 739 1939 Budae
756 1914 830 1938 4834.
845 1915 867 1937 8.

112 1958 327 2017 Christi2307220n
336 1958 378 1982 the
388 1958 530 1989 properties
541 1958 568 1980 of
579 1956 695 1981 hemlock
708 1956 823 1985 (Conium
836 1955 1004 1982 maculatum).
1023 1954 1172 1987 Edinburgh

181 1996 212 2018 48
235 1996 258 2018 6.
288 2012 294 2018 .

110 2034 285 2063 Poehlmann,
299 2034 524 2064 Untersuchungen
538 2033 601 2057 uber
614 2034 660 2057 das
675 2032 771 2056 Coniiu.
791 2032 917 2064 Erlangen
934 2033 1007 2056 4838.
1025 2034 1046 2055 8.

112 2076 219 2105 Boehm,
233 2076 271 2100 De
286 2076 363 2099 Conio
377 2076 510 2099 maculato.
530 2075 694 2099 Vratislaviae
710 2075 785 2098 4844.
802 2076 826 2098 8.
875 2096 877 2100 ,

114 2119 204 2149 Rossi,
217 2118 256 2142 De
270 2118 360 2142 effectu
374 2116 471 2141 Coniini
483 2118 506 2140 in
520 2117 691 2147 organis-mum
705 2116 845 2140 animalem.
864 2115 994 2146 Marburgi
1012 2115 1085 2139 4844.
1101 2117 1123 2139 8.

470 2188 643 2214 Gonvallaria
659 2188 767 2223 majalis
785 2187 813 2214 L.

113 2248 206 2277 Baier,
219 2248 258 2272 De
271 2248 332 2272 Lilio
346 2247 502 2272 convallium.
519 2246 622 2270 Altdorfi
638 2249 713 2270 4748.
729 2248 750 2270 4.

114 2289 311 2349 Senckeigberdq,
333 2289 372 2314 De
390 2290 445 2314 Lilii
463 2288 611 2313 convallium
634 2290 740 2320 ejusque
763 2289 862 2313 baccae
885 2288 989 2313 viribus.
1023 2288 1174 2319 Goettingae

186 2328 214 2350 47
237 2328 260 2349 7.
293 2344 297 2349 .

115 2367 239 2397 Schulze,
252 2367 291 2391 De
303 2366 365 2390 Lilio
379 2365 537 2390 convallium.
556 2364 635 2389 Halae
651 2365 725 2388 4742.
741 2366 763 2388 4.

288 2436 469 2465 Convolvulus
485 2436 587 2473 Jalapa
602 2437 630 2463 L.
650 2438 678 2463 et
695 2436 723 2463 G.
740 2436 834 2471 Pur-qa
848 2436 987 2463 Wender.

116 2497 227 2525 Donati,
240 2497 278 2521 De
291 2497 378 2520 radice
391 2500 514 2528 purgante
527 2496 692 2520 Mechioacan
706 2495 732 2524 (i.
747 2503 770 2519 e.
782 2494 890 2526 Jalapa).
909 2495 1028 2519 Mantuae
1044 2496 1119 2519 4569,
1134 2497 1156 2519 4.

121 2539 221 2568 Weffl,
236 2540 274 2564 De
287 2539 400 2569 Gialapa.
420 2538 500 2562 Jenae
516 2538 590 2561 4668.
605 2537 627 2561 4.

118 2580 237 2612 Slevoqt,
251 2580 289 2604 De
301 2580 398 2610 Jalapa.
420 2587 439 2602 s.
450 2579 466 2602 l.
482 2580 556 2602 4678.
572 2579 593 2601 4.

117 2622 248 2649 Paullini,
260 2621 299 2645 De
312 2621 400 2652 Jalapa
413 2620 478 2644 liber
491 2619 630 2651 singularis.
648 2617 802 2642 Francosurti
815 2615 879 2651 asM.
896 2620 969 2642 4700.
984 2620 1005 2642 8.

116 2663 264 2691 Buechner,
277 2662 316 2686 De
329 2662 426 2687 damnis
439 2669 469 2686 ex
482 2661 565 2685 abusu
577 2660 679 2685 resinae
692 2660 823 2692 Jalappae.
842 2659 922 2684 Halae
938 2660 1011 2683 4750.
1027 2661 1048 2684 4.

117 2704 251 2735 Schaller,
264 2704 303 2729 De
315 2704 430 2735 Jalappa.
451 2703 610 2735 Argentorati
625 2703 697 2726 4764.
714 2702 736 2726 4.

1150 102 1221 134 452

1309 101 1628 134 MONOGRAPHIAE
1646 101 1888 136 PLANTARUM
1909 101 2189 137 OFFICINALIUM

1209 193 1292 219 Cadet
1306 194 1338 219 de
1354 194 1524 223 Gassicourt,
1539 194 1585 219 Sur
1597 195 1621 219 le
1634 195 1715 226 Jalap.
1733 195 1801 219 Paris
1815 196 1891 218 4847.
1908 195 1930 218 4.

1206 235 1339 266 Pelletan,
1353 236 1417 260 Note
1430 243 1473 260 sur
1486 236 1552 260 doux
1567 239 1675 267 especes
1688 237 1720 260 de
1732 236 1803 267 Jalap
1818 236 1852 259 du
1866 237 2105 268 commerceuparls
2122 237 2195 260 4834.
2209 238 2232 260 8.

1546 313 1728 341 Convolvulus
1743 315 1889 350 scoparius
1904 314 1932 341 L.

1209 371 1367 402 Chambers,
1380 371 1419 396 De
1432 372 1520 400 (Ribos
1534 371 1644 396 Arabum
1658 375 1695 401 et)
1709 373 1777 403 ligno
1790 374 1896 397 Rhodio.
1915 373 2028 405 Lugduni
2042 373 2094 397 Bau.
2114 373 2185 396 17:24.
2201 374 2222 396 4.

1538 449 1720 477 Convolvulus
1738 450 1894 478 Soldanella
1909 450 1936 477 L.

1208 507 1327 538 Franke,
1340 507 1379 532 De
1392 507 1542 532 Soldanella.
1562 508 1750 539 Ileidelbergae
1766 510 1840 533 4674.
1856 510 1878 533 4.

1593 579 1758 616 Copaiferae
1773 580 1883 616 species.

1208 643 1303 674 Nubel,
1317 644 1356 669 De
1369 644 1487 668 Balsamo
1501 644 1631 676 Copayba.
1650 645 1836 676 Heidelbergae
1852 646 1926 668 4740.
1941 646 1978 679 4.,

1208 686 1314 719 Ιίορρθ,
1328 687 1366 711 De
1378 686 1492 711 Balsamo
1508 686 1636 718 Copayba.
1656 685 1798 715 (Valentini,
1813 685 1874 710 nist.
1886 686 1967 717 simpl.
1980 693 2004 718 p.
2016 687 2171 713 647—624.)

1561 763 1745 791 Coriamlrum
1760 764 1880 790 sativum
1892 764 1920 791 L.

1208 823 1329 853 Boecler,
1343 823 1382 848 De
1396 823 1538 847 Coriandro.
1557 822 1714 854 Argentorati
1731 823 1806 846 4739.
1823 823 1846 846 4.

1597 893 1761 929 Coronopus
1777 892 1881 920 Ruellii.

1208 953 1284 984 Juch,
1297 953 1336 978 De
1351 954 1494 984 Coronopo.
1512 952 1643 977 Erl‘ordiae
1659 953 1732 976 4739.
1749 952 1771 976 4.

1595 1023 1696 1051 Orocus
1712 1023 1817 1050 sativus
1831 1021 1883 1049 All.

1188 1102 1190 1109 .
1207 1082 1331 1111 Ηθνίοιίι,
1346 1083 1503 1114 Croeologia.
1524 1083 1603 1107 Jenae
1620 1084 1694 1106 4670.
1713 1083 1734 1106 8.

1210 1124 1356 1153 Goedbach,
1371 1125 1445 1149 Croci
1459 1124 1562 1148 historia
1576 1123 1820 1147 botanico-medica.
1838 1122 1964 1154 Mosquae
1979 1124 2055 1147 4846.
2073 1126 2093 1146 8.

1210 1165 1382 1198 Caseiylio⁷2i,
1396 1166 1551 1198 Monografia
1566 1165 1632 1189 dello
1646 1165 1787 1189 Zass'erano.
1806 1164 1899 1189 Milano
1914 1165 1990 1189 4829.
2005 1166 2026 1188 8.

1602 1242 1701 1268 Croton
1720 1241 1836 1276 Ti9lium
1850 1241 1880 1268 L.

1211 1301 1337 1329 Geiseler,
1352 1301 1467 1325 Crotonis
1482 1301 1669 1332 monographia.
1688 1300 1765 1324 Halae
1781 1301 1855 1323 4807.
1871 1301 1894 1323 8.

1208 1342 1336 1373 Moeckel,
1349 1343 1388 1367 De
1401 1343 1518 1371 (Diosma
1532 1346 1634 1366 crenata
1647 1342 1684 1369 et)
1699 1342 1755 1365 oleo
1770 1341 1885 1365 Crotonis
1899 1340 1977 1372 Tiglii.
1997 1341 2096 1372 Lipsiae
2114 1343 2186 1365 48:20.
2203 1342 2223 1364 4.

1210 1383 1340 1412 Οοηωεῖῖ,
1353 1384 1517 1408 Recherches
1531 1391 1574 1408 sur
1587 1383 1673 1407 l’huile
1687 1383 1719 1406 de
1733 1382 1824 1406 Croton
1837 1382 1950 1413 Tiglium.
1970 1382 2039 1406 Paris
2054 1384 2128 1406 4824.
2146 1384 2165 1407 4.

1210 1424 1307 1453 Graxa,
1321 1424 1359 1448 De
1374 1424 1488 1448 Crotonis
1501 1424 1572 1456 Tiglii
1586 1423 1651 1447 oleo.
1670 1423 1779 1447 Berolini
1795 1423 1870 1446 4824.
1885 1424 1908 1446 8.

1209 1466 1326 1493 Zeilner,
1339 1466 1455 1496 Analysis
1469 1471 1494 1490 et
1507 1474 1568 1490 usus
1581 1466 1704 1490 seminum
1718 1464 1833 1489 Crotonis
1846 1464 1924 1496 Tiglii.
1943 1464 2022 1489 Kiliae
2037 1466 2112 1488 4827.
2132 1466 2149 1488 4.

1209 1507 1298 1538 Lund,
1312 1508 1349 1533 De
1362 1509 1420 1533 oleo
1435 1508 1557 1532 Crotonis.
1577 1507 1656 1532 Halae
1672 1508 1746 1531 4834.
1762 1508 1786 1531 8.

1585 1578 1684 1606 Croton
1700 1577 1820 1604 Eluleria
1837 1578 1895 1605 Sw.

1209 1636 1364 1669 Hoffmann,
1380 1638 1418 1662 De
1432 1638 1527 1662 cortice
1542 1637 1703 1662 Casearillae.
1723 1636 1802 1661 Halae
1820 1638 1891 1660 1738.
1907 1637 1928 1660 4.

1562 1714 1687 1741 Cucztmis
1705 1714 1874 1749 Colocynthis
1890 1715 1919 1741 L.

1210 1773 1333 1803 Schulze,
1348 1773 1386 1797 De
1401 1773 1590 1803 Colocynthide.
1610 1773 1689 1797 Halae
1706 1773 1780 1797 4734.
1795 1773 1817 1796 4.

1211 1813 1305 1843 Htller,
1319 1814 1358 1838 De
1372 1814 1560 1843 Colocynthide.
1582 1814 1684 1845 Lipsiae
1699 1815 1775 1837 4824.
1790 1815 1812 1837 8.

1599 1884 1725 1911 Cucumis
1740 1885 1845 1911 salivas
1860 1884 1887 1910 L.

1210 1943 1334 1974 Baldim',
1347 1944 1475 1968 Tractatus
1489 1945 1521 1968 de
1536 1943 1730 1968 Cucumeribus.
1749 1943 1889 1966 Florentiae
1905 1943 1979 1966 4586.
1996 1943 2017 1965 4.

1216 1985 1317 2013 Wedel,
1330 1986 1368 2010 De
1381 1993 1429 2010 usu
1443 1984 1613 2009 Cucumerum
1627 1985 1736 2008 innoxio.
1755 1983 1834 2008 Jenae
1849 1985 1924 2007 4686.
1941 1984 1961 2006 4.

1603 2061 1748 2089 (ἤισαν-Μία
1765 2062 1836 2097 Pepo
1851 2060 1880 2086 L.

1211 2121 1289 2150 Nati,
1301 2121 1383 2146 Breve
1397 2121 1511 2146 discorso
1525 2121 1621 2145 intorno
1635 2120 1680 2144 alla
1694 2124 1782 2144 natura
1795 2120 1836 2144 del
1849 2120 1959 2151 Pepone.
1980 2119 2099 2144 Fiorenza
2118 2121 2189 2143 1676,
2209 2121 2244 2142 ¹9..

1568 2198 1712 2225 Cuminum
1729 2197 1872 2233 Cyminum
1887 2197 1915 2224 L.

1211 2257 1364 2286 Eho-mann,
1377 2258 1416 2282 Dc
1431 2257 1544 2282 Cumino.
1563 2257 1721 2289 Argentorati
1737 2258 1812 2280 4733,
1830 2258 1851 2279 4.

1607 2332 1742 2360 Gurcmna
1757 2331 1839 2366 longa
1854 2331 1882 2358 L.

1212 2393 1361 2421 Buechner,
1375 2392 1413 2417 De
1427 2392 1552 2417 Curcuma
1565 2391 1727 2416 officinarum.
1746 2391 1823 2414 Halae
1840 2391 1914 2415 4748.
1930 2391 1950 2414 4.

1525 2468 1661 2496 Curcuma
1678 2468 1814 2495 Zedoaria
1830 2468 1953 2495 Roscoe.

1212 2530 1358 2560 Martinus,
1372 2529 1411 2553 De
1423 2528 1545 2553 aetatibus
1559 2527 1695 2551 Zedoariae
1707 2527 1802 2551 relatio.
1822 2527 1936 2551 Dresdae
1951 2527 2027 2551 4694.
2043 2527 2064 2550 8.

1589 2604 1705 2632 Guscuta
1720 2613 1857 2640 europaea
1871 2605 1899 2631 L.

1211 2665 1331 2693 Franke‚
1351 2665 1402 2689 Das
1415 2663 1604 2690 verschmachte
1621 2664 1673 2688 und
1686 2663 1782 2688 wieder
1801 2663 1924 2688 erhohete
1938 2661 2194 2687 Flachsseidenkraul.
2221 2660 2272 2685 Ulm

1285 2702 1360 2725 4748.
1376 2702 1398 2725 8.
2054 2724 2064 2739 ‘
