2360 2942
73 232 174 258 44500*

71 745 172 772 44504*

71 1114 171 1140 44502*

67 1808 169 1835 44503*

69 2087 169 2114 41504*

68 2428 151 2453 44505

452 103 719 136 DIOSCORIDES

400 193 538 219 Editiones
552 195 786 226 graeco-latinae:

416 235 512 259 Pedacii
530 235 678 259 Dioscoridae
696 236 828 260 Anazarbei
844 237 876 261 de
898 237 995 262 medica
1016 238 1118 261 materia

192 270 248 294 libri
261 271 289 293 V.
302 271 334 294 de
351 270 465 295 letalibus
481 271 599 300 venenis,
618 279 754 302 eorumque
772 273 933 302 precautione
951 277 975 296 et
992 273 1118 296 curatione

193 309 240 329 etc.
257 305 319 329 liber
332 313 408 334 unus,
424 306 558 336 interprete
571 305 681 329 Marcello
698 306 807 336 γει-91410,
822 308 960 331 Secretario
973 307 1118 331 Florentino.

191 339 311 370 Ejusdem
329 339 434 363 Marcelli
453 340 548 370 i'erytlii·
563 341 587 364 in
605 341 683 364 hosce
696 341 838 364 Dioscuridis
856 342 931 366 libros
950 342 1118 366 commentarii

193 375 340 404 doctissimi,
357 375 382 398 in
395 375 485 406 quibus
504 380 605 405 praeter
623 376 779 407 omnigenam
792 377 934 408 variamque
955 377 1117 401 eruditionem

192 410 286 433 collatis
293 409 394 433 aliorum
405 410 564 440 interpretum
572 411 735 440 versionibus,
744 419 803 435 suae
811 412 944 435 tralationis
952 420 981 435 ex
988 412 1117 443 utriusque

191 444 290 475 linguae
308 445 434 468 autoribus
454 445 590 468 certissima
604 446 746 469 adseruntur
759 446 915 470 documenta.
928 452 975 470 etc.
993 447 1115 476 Coloniae,

191 486 269 509 opera
282 483 307 502 et
319 479 432 509 impensa
445 480 546 504 Joannis
557 480 657 510 Soteris,
671 481 807 505 MDXXIX.
821 489 908 505 mense
918 482 1036 513 Augusto.
1051 481 1116 505 l'olio.

192 515 237 541 (42
251 514 313 541 foll.)
329 515 377 537 753
392 521 415 544 p.
452 519 506 540 nihl.
516 519 575 537 univ.
585 519 643 543 Lipa-

247 544 311 573 (giEx
325 545 431 574 editione
445 546 500 566 anni
515 546 565 566 4518
579 549 660 567 textus
675 549 712 568 est
726 552 872 573 expressus,
888 548 926 568 cui
942 547 1055 568 eximiam
1069 552 1116 573 op-

212 572 277 599 osuit
291 570 394 596 Vergilius
409 571 633 599 interpretationem
649 574 672 592 et
687 573 859 598 castigationes
873 573 938 594 lectu
953 573 1115 598 dignissimas.

215 600 244 615 ici
259 596 344 623 paucis
359 600 389 615 ne
408 598 448 621 uit,
463 601 536 621 quain
550 597 679 618 laudabitis
694 598 725 618 sit
735 603 810 623 opera
821 599 851 618 ab
866 598 919 624 ipso
934 598 957 619 in
969 598 1116 623 exponendo

196 620 375 649 eet-castigando
399 621 525 641 Jiosicori'dix
544 624 611 643 textu
626 623 752 644 collocata.
773 623 928 648 CoiiJecturas
943 623 1116 649 sagacissimas

194 646 308 674 adjunxit,
322 651 496 672 nonnunquam
507 649 530 667 et
539 648 625 668 doctos
636 653 763 672 excursus,
778 649 865 674 quibus
876 649 913 669 alii
927 649 1019 674 passim
1030 650 1116 668 aucto-

193 675 235 691 res
249 671 403 699 illustrantur.
412 680 422 689 u
443 671 542 698 Spreng.
556 684 580 687 —
599 673 659 694 Huic
674 673 773 694 editioni
794 675 845 694 fere
865 679 964 699 semper
982 673 1046 694 aftixi
1061 675 1117 693 sunt

194 695 314 742 Hmmigssi)
325 695 422 746 ''saiwi''
435 697 458 717 in
472 697 623 718 Dioscoridem
642 699 825 720 coronariorum
843 699 895 719 libri
910 699 1024 725 quinque.
1045 698 1113 719 Colo-

194 725 250 741 niae
264 728 266 731 ’
317 737 320 741 .
345 728 358 741 o
369 727 399 742 io.

412 750 553 773 Dioscuridis
565 750 619 775 libri
633 756 688 775 ocio
701 760 792 783 graece
804 756 829 776 et
841 752 922 776 latine.
938 752 1117 782 Castigationes

190 784 215 807 in
233 786 335 808 eosdem
352 785 429 808 libros
448 787 562 813 (auctore
575 786 658 810 Jacob«)
671 786 794 816 Goupylo).
814 787 924 815 Parisiis,
938 788 1003 817 apud
1017 788 1116 810 Petrum

192 819 331 843 Haultinum
346 825 370 843 et
383 820 503 850 impensis
516 821 606 845 viduae
619 822 719 845 Arnoldi
732 822 878 845 Birkinanni.
895 822 969 845 4549.
988 821 1116 849 (Excude-

190 854 234 877 bat
255 854 406 878 Benedictus
428 856 530 879 Prevost.
550 856 574 879 in
592 856 648 880 vico
670 857 845 885 Frementelto,
868 857 915 880 sub
937 857 1007 887 signo
1028 856 1115 880 stellae

191 896 294 919 aureae,
309 897 395 913 mense
408 890 519 921 Augusto
535 891 621 918 4549.)
641 892 662 914 8.
685 892 759 920 (20),
776 893 825 915 392
840 892 888 915 soll.
925 895 978 913 Enii.
992 895 1116 918 untv.1.ipii.

191 928 279 953 nguss.

247 955 325 980 (Hanc
340 956 470 977 editionem
485 955 532 977 Jac.
550 956 664 986 Goapylus
679 957 784 982 curavit,
798 957 838 982 qui
854 956 968 977 codicum
982 958 1116 977 msstorum

193 979 367 1001 Parisiensium
381 987 435 1007 usu,
450 987 553 1010 quorum
569 984 642 1003 etiam
657 982 736 1002 varias
751 982 871 1002 lectiones
886 982 909 1002 in
924 983 992 1002 calce
1002 982 1064 1010 (1011.
1079 982 1117 1002 ³82

193 1006 268 1031 —aetj
289 1006 407 1031 aGJunxit,
427 1012 533 1032 priorem
549 1007 680 1028 editionem
701 1008 771 1027 1011-Ἷο
786 1007 918 1036 superavit.
940 1007 1024 1027 versio
1044 1007 1116 1027 latina

194 1032 231 1051 est
245 1031 331 1052 Ruellii‘.
350 1031 421 1052 Liber
437 1031 460 1052 t'l
476 1033 506 1053 de
520 1033 634 1057 venenis,
648 1032 701 1053 libri
717 1022 755 1053 ΥΙῙ
767 1034 791 1053 et
805 1031 849 1052 till
865 1032 896 1052 de
910 1032 1055 1053 animalibus
1070 1037 1115 1053 ve-

193 1061 288 1081 nenatis
303 1063 327 1081 et
345 1056 406 1083 262«
426 1062 448 1082 in
463 1062 531 1082 calce
545 1061 624 1082 adfixa
639 1062 773 1085 habentur:
794 1057 931 1090 εὐπορίστα
951 1064 1032 1082 autem
1047 1062 1115 1082 desi-

194 1089 314 1110 derantur.
329 1091 460 1116 Diligenter
474 1090 536 1115 typis
552 1095 643 1110 excusa
657 1091 730 1111 editio
745 1093 769 1112 et
783 1092 863 1117 magni
876 1091 977 1114 habita.)

410 1116 595 1142 ΙΙΕΔΑΚΙΟΥ
614 1117 859 1143 ΔΙΟΣΚΟΡΙΔΟΥ
877 1119 922 1144 τοῦ
937 1115 1116 1150 Ἀναζαρβέως

189 1148 221 1176 τὰ
239 1149 372 1183 σωζόμενα
389 1149 496 1178 ἅπαντα.
517 1153 612 1176 Pedacii'
625 1153 767 1178 Dioscorida
780 1154 928 1179 Anazarbaei
940 1156 1035 1186 Opera,
1051 1161 1116 1185 quae

190 1191 294 1217 exstant,
310 1189 398 1212 omnia.
411 1189 446 1212 Ex
460 1196 523 1212 nova
536 1189 738 1219 interpretatione
751 1190 806 1213 ιΙαηί
818 1189 912 1213 Antonii
923 1190 1036 1213 Saraceni
1048 1190 1116 1219 Lug-

188 1223 291 1251 dunaei,
306 1224 402 1247 medici.
415 1225 504 1247 Addita
517 1228 574 1247 sunt
586 1225 616 1247 ad
630 1225 725 1248 calcem
738 1226 850 1256 ejusdem
863 1225 1001 1256 interpretis
1014 1224 1114 1253 scholia,

189 1257 213 1280 in
226 1257 317 1288 quibus
330 1259 413 1282 variae
431 1259 545 1282 codicum
558 1259 680 1282 variorum
697 1260 817 1284 lectiones
831 1261 1012 1288 examinantur,
1032 1260 1116 1282 diver-

188 1299 233 1316 sae
251 1293 283 1315 de
301 1294 398 1317 medica
418 1294 529 1323 materia,
552 1301 597 1317 seu
616 1294 767 1324 priscorum,
787 1303 831 1318 seu
855 1296 928 1319 etiam
950 1295 1115 1318 recentiorum

189 1327 324 1351 sententiae
344 1333 525 1359 proponuntur,
545 1336 575 1352 ac
587 1329 711 1352 interdum
726 1331 897 1354 conciliantur:
915 1330 992 1361 ipsius
1006 1329 1114 1359 denique

189 1362 280 1385 autoris
299 1363 465 1393 corruptiora,
488 1364 646 1393 obscuriora,
666 1364 854 1396 difficilioraque
874 1366 927 1389 loca
947 1364 1113 1392 restituuntur,

189 1396 339 1420 illustrantur
351 1403 377 1422 et
390 1399 549 1428 explicantur.
569 1399 692 1429 (Lugduni
706 1404 730 1423 et
743 1400 904 1426 Fiaiieol'urii)
918 1399 1039 1423 sumtibus
1053 1399 1115 1422 hae·

188 1432 276 1455 redum
289 1433 403 1456 Andreae
416 1433 538 1457 Weclieli.
556 1435 628 1456 4598.
641 1434 706 1457 solio.
720 1436 777 1462 (47)
791 1435 850 1464 solt,
867 1435 928 1464 479,
944 1435 1003 1463 444,
1021 1435 1067 1457 435
1082 1441 1113 1464 p.,

189 1466 236 1489 ind.
246 1485 251 1495 ,
265 1467 360 1497 effigies
375 1467 515 1491 Dioscuridis
529 1473 554 1491 et
568 1467 687 1491 Saraceni.

246 1497 413 1521 (Verissimum
433 1499 463 1519 de
482 1500 528 1519 hac
543 1499 650 1519 editione
666 1499 783 1524 judicium
801 1500 852 1520 tulit
868 1500 952 1520 Curtius
968 1499 1072 1525 Sprenael
1091 1499 1113 1527 in

191 1523 343 1548 praefatione
357 1529 378 1549 p.
390 1524 447 1549 XXl,
462 1525 557 1545 dicens:
573 1524 688 1549 «Egregia
698 1526 795 1545 omnino
805 1527 849 1550 est,
864 1531 946 1551 quum,
960 1527 1076 1550 quantum
1091 1529 1114 1552 in

193 1550 315 1573 potestate
330 1551 393 1572 erat,
412 1550 442 1570 ad
457 1550 624 1574 castigandum
640 1552 730 1570 textum
746 1550 883 1577 contulerit,
898 1556 972 1576 quum
987 1550 1040 1575 ipse
1055 1551 1114 1569 satis

194 1575 265 1593 acute
280 1578 451 1600 nonnunquam
467 1580 538 1595 veras
554 1576 684 1600 auguratus
699 1576 730 1595 sit
744 1575 873 1601 lectiones,
888 1575 1046 1600 studiumque
1061 1575 1114 1595 lau—

194 1597 274 1619 dabile
289 1599 445 1620 collocaverit
459 1600 482 1620 in
498 1600 668 1625 comparandis
683 1602 707 1620 et
721 1602 831 1621 veterum
846 1600 1009 1621 monumentis
1021 1600 1114 1620 Diosco-

192 1627 263 1648 ri'dem
288 1628 465 1654 excipientibus
492 1631 516 1650 et
541 1629 713 1654 interpretibus
740 1630 851 1655 priscis.»
884 1630 942 1651 Cum
968 1625 1113 1659 εὖπορίστα,

192 1656 266 1686 61011.
286 1658 407 1684 praefixa,
426 1659 463 1679 435
476 1664 498 1685 p.
514 1659 714 1684 complectentia,
733 1660 877 1684 singularem
892 1660 985 1680 titutum
1001 1660 1113 1684 habeant,

194 1682 286 1708 reliqua
301 1688 374 1709 opera
390 1684 412 1704 in
427 1689 516 1705 novem
530 1684 604 1704 libros
619 1686 673 1704 sunt
685 1684 770 1709 divisa,
802 1690 887 1705 uorum
899 1685 1004 1710 quinque
1019 1685 1113 1710 priores

193 1706 317 1728 Materiam
338 1709 460 1729 medicam
482 1710 617 1735 continent,
638 1711 664 1729 ut
684 1709 822 1730 Dioscorircs
844 1710 898 1735 ipse
919 1710 942 1730 in
962 1710 1113 1736 praefatione

193 1732 348 1753 indicaverat.
376 1733 466 1754 I'lioli'as
491 1734 579 1755 librum
603 1737 699 1755 sextum
720 1734 917 1760 Alexipliartnaca
939 1737 962 1756 et
982 1735 1113 1761 septimum

191 1757 306 1804 Titlerialca
320 1759 411 1810 1131411111).
425 1759 551 1785 Euporista
566 1762 622 1780 sunt
636 1759 720 1785 reliqui
735 1760 799 1787 libri,
814 1760 886 1781 notha
898 1765 953 1781 cum
963 1761 1076 1781 versione
1090 1761 1113 1781 in

193 1787 221 1803 ca
233 1787 262 1803 ce
284 1788 346 1808 egun
359 1789 393 1804 ur.

409 1813 509 1836 Pedauii
526 1813 668 1837 Dioscoridi‘s
686 1812 818 1836 Anazarbei
837 1815 869 1837 de
891 1815 992 1838 materia
1014 1815 1111 1838 medica

186 1846 242 1870 libri
255 1847 373 1878 quinque.
390 1848 427 1871 Aa
446 1849 522 1872 iidem
536 1848 652 1872 codicum
665 1849 898 1878 manuscriptorum,
918 1850 1030 1873 editionis
1043 1850 1113 1873 Aldi-

188 1888 234 1905 nae
253 1883 373 1912 principis
390 1890 573 1914 usquequaque
590 1884 732 1914 neglectae,
753 1888 778 1907 et
796 1884 956 1914 interpretum
974 1884 1112 1914 priscorum

188 1921 280 1940 textum
293 1917 430 1946 recensuit,
444 1918 524 1942 varias
537 1918 632 1942 addidit
644 1918 770 1947 lectiones,
783 1919 1011 1948 interpretationem
1026 1927 1113 1943 emen-

189 1951 269 1980 davit,
295 1954 471 1976 commentario
493 1953 621 1977 illustravit
646 1952 735 1976 Curtius
758 1952 874 1982 Sprenqet.
899 1953 1005 1981 (Kuehu,
1029 1954 1110 1984 Opera

186 1986 340 2010 medicorum
354 1994 499 2018 graecorum
513 1988 773 2015 iomxxv—XXVI.)
786 1988 892 2018 Lipsiae,
903 1989 1110 2013 Cnobtoch.4829

190 2022 1011 2054 —t830.11v011.8.—1:4829.xxv111,850p.—11:4830.1v,
1028 2025 1075 2047 746
1087 2031 1111 2054 p.

190 2056 196 2082 (
205 2057 213 2078 4
223 2057 234 2078 0
251 2055 283 2079 lli.
292 2057 298 2083 )
827 2065 830 2067 ·

188 2102 389 2107 ——-
411 2087 560 2122 Εὖπορίστα
579 2092 633 2115 Ped.
655 2092 796 2115 Dioscorida
815 2092 946 2116 Anazarbei
964 2093 995 2116 ad
1015 2093 1112 2116 Andro-

187 2125 313 2154 machum,
336 2126 383 2150 hoc
405 2131 443 2150 est
461 2128 492 2151 de
516 2128 685 2151 curationibus
708 2128 849 2150 morborum
869 2135 915 2158 per
931 2127 1110 2151 medicamenta

188 2165 275 2190 paratu
292 2161 382 2190 facilia,
401 2161 494 2186 librili.
513 2162 585 2186 Nunc
602 2163 708 2193 primum
728 2166 752 2185 et
770 2170 861 2192 graece
880 2163 938 2186 editi
958 2167 982 2185 et
997 2163 1083 2193 partim
1097 2170 1109 2186 a

187 2194 275 2217 Joanne
288 2194 408 2224 Moibano,
426 2197 522 2220 medico
534 2198 689 2228 Augustani),
709 2197 794 2228 partini
807 2205 866 2220 vero
883 2202 939 2227 post
955 2198 1028 2227 hujus
1045 2205 1111 2221 mor-

187 2234 237 2253 tem
254 2236 267 2252 a
288 2228 392 2253 Conrado
409 2230 506 2255 Gemini-0
526 2232 550 2255 in
571 2232 677 2263 linguam
697 2232 792 2255 latinam
811 2233 935 2262 conversi;
960 2233 1062 2263 adjectis
1079 2233 1110 2256 ab

188 2268 292 2295 utroque
309 2265 442 2296 interprete
461 2267 613 2297 symphoniis
626 2267 710 2290 Galerii
728 2267 880 2298 aliorumque
897 2275 1044 2298 graecorum
1057 2275 1111 2290 me-

189 2299 307 2322 dicorum.
332 2300 500 2330 Argentorati,
525 2302 666 2325 excudehat
689 2302 769 2325 Josias
792 2302 907 2326 Rilielius.
927 2302 1061 2326 MDLXV.
1087 2304 1109 2325 8.

190 2335 248 2361 (32)
262 2335 324 2364 toti,
339 2337 386 2358 903
402 2343 438 2366 p.,
454 2337 513 2364 (44)
527 2337 574 2360 roll.
610 2341 664 2359 Bibt.
674 2341 731 2359 univ.
742 2340 798 2364 Lips.

456 2387 593 2413 Editiones
605 2389 722 2414 latinae:

259 2459 268 2461 -
408 2428 512 2455 (Folium
528 2429 578 2457 taz)
596 2430 718 2454 Notadum
733 2438 760 2460 q,
774 2429 828 2453 libri
842 2431 980 2453 dioscorides
992 2431 1049 2454 dicti
1063 2431 1111 2453 du-

188 2463 245 2494 plex
258 2462 339 2492 rperit'
354 2470 382 2486 or
398 2461 402 2491 Ι
423 2463 513 2488 dinatio
533 2472 589 2488 cuin
605 2465 695 2488 eodem
716 2470 796 2488 tamen
811 2465 926 2494 ophemio
939 2466 1046 2488 omnino.
1062 2465 1109 2488 Una

188 2498 236 2528 (1οἓ
253 2498 257 2527 Ι
274 2498 296 2520 in
308 2501 402 2529 quique
415 2498 490 2522 libros
501 2500 588 2529 aptita:
602 2504 628 2522 ut
640 2495 711 2523 tesia'i
723 2500 772 2523 etia
785 2500 816 2522 ιιῧ
829 2497 874 2530 pa³
886 2500 934 2523 hue
945 2500 1109 2523 diascoridem

187 2533 357 2556 recomendat:
378 2533 405 2555 In
421 2532 425 2562 Ι
442 2540 490 2563 qua
508 2534 577 2564 plura
590 2534 687 2558 atinent·
696 2540 768 2565 capta
782 2542 800 2557 s,
820 2534 935 2558 breuiora
953 2535 985 2558 ita
998 2535 1110 2558 111110111-

187 2575 245 2591 men
258 2567 294 2591 Sit·
308 2568 411 2595 (Folium
426 2566 510 2595 ¹01³:)
524 2568 611 2599 Explic‘
625 2570 786 2598 dyascorides
800 2576 849 2600 que
859 2574 935 2598 petrus
951 2569 955 2598 Ι
970 2571 1110 2599 ῃαιίιιιυιῖειῖς

186 2603 294 2633 legendo
312 2602 406 2627 corexit
425 2607 449 2626 et
467 2604 614 2633 exponendo
625 2604 638 2633 τ’]
650 2605 743 2628 vtiliora
758 2604 796 2627 siit
809 2606 818 2626 i
831 2604 896 2634 luce3
915 2605 1023 2628 deduxit.
1041 2603 1045 2632 Ι
1062 2605 1110 2627 1111-

187 2645 290 2668 pressus
308 2638 369 2662 colle
389 2644 419 2667 Cp
439 2638 572 2668 magistra,
590 2638 683 2663 ioh'em
700 2639 704 2668 1
721 2640 867 2663 allemanum
885 2640 917 2662 de
935 2639 1108 2663 medemblick.

188 2679 251 2696 anno
267 2672 271 2701 Ι
287 2673 336 2704 xpi
354 2672 488 2696 millesimo.
507 2670 599 2700 CCCC?
615 2673 708 2705 lxxviij0,
726 2675 826 2702 (4478.)
844 2681 930 2698 mense
947 2674 952 2704 Ι
968 2674 1025 2705 iulij.
1043 2674 1107 2697 folio.

1104 104 1169 138 334

1156 357 1257 385 44506*

1155 869 1236 894 44507

1155 1019 1255 1046 44508*

1153 1569 1254 1594 445091-

1151 2036 1232 2061 44540

1149 2293 1228 2318 44544

1559 106 1822 140 DIOSCORIDES

1280 198 1355 225 (403)
1374 197 1422 221 foll.
1443 198 1472 221 47
1489 198 1529 222 11η.
1548 198 1613 222 binis
1634 199 1767 229 columnis,
1790 207 1845 224 cum
1864 201 2000 232 signaturis.
2021 199 2086 224 Hatn
2103 202 2200 232 Repert.

1277 232 1317 256 Nr.
1333 234 1407 256 625⁸.

1332 270 1378 295 (De
1393 270 1559 291 vetustissima
1575 270 1709 291 Dioscorida
1724 272 1846 298 versione,
1881 278 1927 293 uae
1942 273 2044 294 tortasse
2059 273 2121 294 tacta
2136 274 2174 293 est
2188 277 2202 293 a

1283 294 1347 315 Petro
1362 296 1480 321 Aponensi,
1495 296 1525 316 cf.
1540 295 1621 316 Dibdin
1635 296 1690 317 Ribt.
1705 296 1791 323 Spenc.
1806 303 1851 323 sup
1881 314 1885 317 .
1901 303 1922 323 p.
1938 298 2016 318 t21.-
2030 298 2094 318 Colle
2108 298 2202 325 tegitur,

1280 325 1327 340 non
1341 320 1461 341 Coloniae.
1477 321 1542 342 Folia
1556 317 1682 342 ‘loth—103¹
1696 322 1819 343 continent
1833 325 1855 342 ta
1875 323 1939 343 ulam
1954 325 1978 343 et
1991 324 2140 348 registrum.)

1497 361 1602 388 (Folium
1617 360 1671 389 4“’“;)
1692 363 1769 387 Index
1786 363 1902 386 librorum
1919 363 1941 386 in
1955 364 2064 393 presenti
2076 363 2201 388 volumine

1276 400 1455 419 contentorum.
1471 395 1475 425 Ι
1492 395 1639 425 Dyoscori'dis
1648 397 1797 421 exactissimi
1810 398 1958 428 indagatoris
1968 398 2131 429 fidelissimiq:
2145 399 2200 426 scri(

1275 431 1351 460 ptoris
1370 430 1460 453 virtuti]
1478 431 1599 461 simplieifi
1618 432 1770 456 medicinam
1783 433 1863 456 Liber.
1878 434 2038 463 cccccccxvij
2055 432 2058 461 Ι
2075 434 2202 457 continens

1276 465 1393 495 capitula:
1412 472 1467 488 cum
1486 466 1590 489 nonullis
1608 467 1773 491 additionibus
1787 467 1818 490 Pe
1834 468 1838 496 Ι
1854 469 1883 490 tri
1892 467 2032 497 paduanis&
2050 467 2073 490 111
2091 468 2201 498 margine

1276 500 1329 523 libri
1348 500 1441 522 notatis.
1462 500 1577 531 Ejusdem
1592 500 1703 530 Dymcori
1717 501 1721 531 Ι
1738 503 1773 525 dis
1787 503 1818 526 de
1836 503 1928 526 natuiis
1947 506 1970 525 et
1982 502 2111 525 virtutibus
2124 510 2202 533 aqua-

1276 542 1329 558 rum
1348 538 1465 557 tractatus
1481 543 1551 558 vnus.
1572 536 1677 562 (Folium
1694 535 1783 564 420¹¹:)
1802 537 1906 567 Explicit
1924 537 1986 560 liber
2003 538 2142 566 dyoscoridis
2155 538 2199 564 del

1274 573 1360 593 natura
1380 569 1503 599 simplicio
1523 570 1570 600 que
1586 570 1665 593 Pomm
1675 580 1706 600 pa
1723 571 1727 600 Ι
1743 573 1868 595 [lilariensis
1884 573 1968 603 padue
1981 572 2069 602 legi-edo
2083 572 2199 598 correxit(

1276 608 1301 627 et
1317 605 1447 634 exponedo
1461 612 1511 634 que
1524 605 1618 628 vtiliora
1638 611 1695 629 sunt
1710 606 1733 629 in
1749 606 1754 635 Ι
1770 607 1825 630 111οὲ
1839 607 1951 630 deduxit:
1969 607 2076 637 impssus
2089 607 2202 637 Lugduni

1274 647 1320 670 per
1337 639 1447 662 Gilbertfi
1467 640 1498 662 de
1515 639 1606 663 villiers
1626 641 1725 670 expesis
1747 641 1750 670 Ι
1772 641 1941 665 Honestissimi
1960 642 2004 665 viri
2025 642 2199 668 Bartholomei(

1275 678 1326 697 troi.
1341 674 1411 697 Anno
1425 674 1465 697 diii
1479 674 1511 697 M.
1522 680 1608 698 ccccc.
1619 676 1657 705 xij.
1673 676 1713 699 die
1730 675 1734 704 Ι
1751 684 1788 700 vo.
1802 677 1888 700 ΧΧΙΧ.
1902 676 1994 700 mensis
2007 676 2093 707 Martij.
2111 676 2115 705 Ι
2131 684 2166 707 gr.
2178 677 2199 699 4.

1275 711 1320 736 (46
1329 710 1347 737 J,
1363 711 1411 731 4ἳο
1427 709 1486 737 soll.,
1500 710 1548 732 ind.
1586 714 1640 732 Bibl.
1651 715 1708 733 univ.
1719 715 1787 738 Lips..
1800 716 1855 734 Juss.

1330 746 1564 774 (liuncyversionem
1583 748 1606 766 ct
1625 750 1770 772 sequentem
1786 754 1842 769 cum
1858 747 1992 775 Hoffmanno
2013 750 2104 768 tantum
2119 748 2201 774 Eupo-

1278 772 1336 792 rista
1359 773 1484 792 continere
1505 772 1631 799 existimo,
1659 773 1688 793 ill.
1711 773 1821 794 Ctioulaiit
1843 777 1925 794 eontra
1947 779 2000 794 cani
2022 779 2065 799 pro
2086 774 2201 795 versione

1278 801 1393 822 librorum
1407 798 1465 830 περὶ
1478 796 1539 830 ὅλης
1553 798 1669 831 ἰατρικῆς
1683 802 1712 823 ab
1728 803 1897 829 antiquissima
1907 804 1961 824 anni
1971 803 2019 824 t478
2033 803 2139 825 sortasse
2153 808 2201 824 non

1278 830 1375 851 diversa
1391 832 1484 857 habet.)

1494 871 1635 895 Dioscorida
1648 872 1757 896 Libellus
1770 872 1885 896 virtutum
1903 873 2051 903 simplicium
2065 873 2202 896 medicina-

1274 913 1327 928 rum
1345 913 1402 929 cum
1422 906 1482 929 Petri
1501 906 1660 929 Paduaneiim
1679 907 1851 931 additionibus.
1873 907 1989 938 Ejusdem
2010 907 2150 931 Dioscorida
2168 908 2200 931 de

1274 941 1365 964 naturis
1385 946 1409 964 et
1422 942 1552 965 virtutibus
1565 949 1684 972 aquarum
1698 942 1768 965 liber.
1790 942 1910 969 Venetiis.
1929 950 1974 972 per
1988 942 2119 973 Georgium
2132 942 2201 966 Arri-

1273 976 1406 999 vabenum.
1419 976 1528 999 MDXiv.
1543 977 1582 999 die
1595 977 1681 1000 XXIV.
1696 977 1783 1000 Martii.
1796 977 1862 1000 folio.

1900 981 2016 999 Hoffmann.

1494 1024 1519 1046 In
1538 1024 1586 1047 hoe
1605 1024 1730 1047 volumine
1749 1023 1812 1046 liaeo
1825 1023 1991 1046 continentur:
2009 1023 2106 1046 loannis
2118 1022 2201 1053 Bapti-

1274 1061 1319 1079 stae
1337 1056 1433 1087 Egnatii
1451 1058 1538 1081 Veneti
1560 1058 1584 1082 in
1604 1058 1760 1081 Dioxcori'dein
1777 1058 1808 1080 ab
1827 1057 1947 1080 Hermolao
1964 1057 2067 1081 Barbare
2088 1059 2199 1082 tralatum

1274 1096 1456 1122 annotainenta,
1476 1093 1566 1124 quibus
1584 1093 1726 1116 morborum
1745 1097 1769 1115 et
1786 1092 1951 1116 remediorum
1968 1093 2090 1116 vocabula
2107 1094 2201 1117 obscu—

1274 1127 1337 1150 riora
1357 1127 1380 1150 in
1400 1135 1471 1151 usum
1490 1128 1562 1151 etiam
1581 1128 1741 1151 mediocriter
1759 1128 1910 1150 eruditorum
1928 1128 2086 1158 explicantur.
2106 1127 2201 1151 Pedacii'

1274 1161 1415 1185 Dioscori'dis
1429 1162 1558 1186 Anazarbei
1575 1164 1606 1186 de
1625 1162 1767 1186 medicinali
1785 1162 1885 1185 materia
1899 1162 1930 1185 ab
1944 1163 2033 1186 eodem
2047 1162 2151 1185 Barbara
2164 1163 2201 1186 la-

1273 1196 1370 1220 tinitate
1387 1198 1492 1227 primum
1505 1198 1587 1221 donati
1608 1198 1662 1221 libri
1676 1198 1792 1228 quinque.
1807 1201 1853 1220 etc.
1871 1196 1989 1220 Hermolai
2001 1196 2102 1220 Barbari
2115 1198 2202 1221 Corol-

1273 1232 1360 1255 larium
1379 1232 1449 1256 libris
1462 1233 1572 1263 quinque
1587 1233 1735 1256 absolutum.
1753 1233 1856 1256 Accedit
1873 1232 1897 1255 in
1911 1231 2069 1255 Dioscoridem
2082 1236 2107 1255 et
2120 1233 2201 1255 corol—

1273 1267 1360 1290 larium
1379 1268 1504 1298 indexque
1519 1268 1712 1298 copiosissimus.
1734 1267 1911 1295 (Excudendos
1923 1267 2032 1290 venetiis
2050 1267 2126 1291 hosce
2140 1267 2201 1290 Dio-

1273 1302 1377 1325 scoridis
1403 1302 1479 1326 libros
1501 1307 1555 1326 octo
1577 1303 1684 1326 Aloisius
1707 1306 1731 1325 et
1752 1302 1899 1325 franciscus
1921 1301 2022 1325 Barbari
2046 1306 2069 1325 et
2090 1302 2199 1326 Joannes

1272 1336 1459 1360 Bartholomeus
1478 1338 1590 1360 Astensis
1609 1341 1725 1360 curarunt
1749 1337 1772 1359 in
1791 1337 1964 1367 Gregoriorum
1983 1337 2083 1360 iratmm
2102 1337 2199 1360 officina

1273 1371 1403 1395 Hermolao
1416 1372 1525 1395 Barbaro
1539 1372 1642 1395 Patricio
1656 1372 1752 1395 Veneto
1766 1376 1788 1395 et
1802 1371 1954 1402 Aquileiensi
1966 1372 2106 1395 Patriarcha
2123 1372 2201 1395 inter-

1273 1411 1343 1436 prete
1366 1407 1512 1430 Lauredano
1534 1407 1648 1437 Principe
1670 1407 1762 1437 optimo
1782 1406 1832 1429 Kal.
1855 1406 1995 1430 Februariis
2013 1406 2198 1430 MCCCCCXVt

1274 1441 1399 1465 restitutae
1412 1442 1518 1469 salutis.)
1532 1442 1595 1465 folio,
1609 1442 1683 1470 (36),
1699 1447 1799 1470 cxxxtlt,
1816 1443 1863 1464 406
1878 1441 1924 1464 foll.
1961 1445 2014 1464 Bibl.
2024 1446 2083 1464 univ.
2094 1445 2151 1469 Lips.

1327 1478 1449 1504 (Plioiitant
1472 1479 1534 1499 lianc
1558 1480 1697 1499 versionem
1725 1479 1842 1499 Hermolai
1865 1478 1964 1499 Barbari
1988 1484 2036 1499 non
2060 1479 2128 1505 citat,
2153 1479 2198 1499 sed

1276 1504 1346 1524 aliam
1361 1510 1379 1524 s.
1394 1504 1407 1524 1.
1423 1506 1447 1524 et
1461 1509 1480 1524 a.
1496 1504 1565 1530 totio,
1585 1505 1614 1524 ad
1630 1509 1702 1529 quain
1724 1505 1861 1525 accuratius
1881 1505 2079 1529 cognoscendam
2097 1506 2199 1525 revocat

1275 1529 1402 1550 Paiizeraiii
1416 1530 1497 1550 Annal.
1512 1529 1565 1549 Viti.
1581 1535 1603 1555 p.
1617 1529 1661 1550 429.
1677 1530 1715 1550 Nr.
1729 1529 1787 1555 767.)

1493 1569 1587 1592 Pedacii
1600 1569 1739 1593 Dioscuridis
1752 1569 1884 1592 Anazarbei
1896 1570 1927 1593 de
1941 1569 2081 1593 medicinali
2097 1570 2198 1593 materia

1271 1605 1325 1628 libri
1343 1605 1431 1635 quinq,
1450 1606 1481 1628 de
1500 1605 1609 1628 viruletis
1627 1605 1773 1628 animalibus
1792 1609 1816 1628 et
1834 1605 1936 1628 venenis
1955 1612 2019 1628 cane
2039 1605 2152 1634 rabioso,
2173 1609 2198 1628 et

1272 1648 1356 1663 eorum
1371 1640 1432 1663 notis
1445 1647 1474 1663 ae
1488 1640 1605 1663 remediis
1618 1640 1672 1663 libri
1686 1645 1803 1670 quatuor,
1818 1639 1906 1662 Joamie
1920 1638 2010 1662 Racilio
2024 1640 2197 1663 Suessionensi

1272 1675 1414 1705 interprete.
1427 1675 1589 1704 (Impressum
1604 1679 1641 1697 est
1653 1675 1676 1697 in
1690 1674 1888 1704 praeclarissimo
1900 1674 2077 1697 Parrhisiorum
2087 1675 2198 1705 Gymna-

1271 1710 1307 1733 sio
1320 1710 1368 1733 hoe
1382 1709 1574 1733 celeberrimum
1584 1709 1734 1733 Dioscuridis
1748 1717 1811 1740 opus
1824 1709 1848 1732 in
1862 1709 1960 1732 officina
1970 1709 2068 1733 Henrici
2077 1710 2197 1739 Stephani

1272 1752 1286 1768 e
1299 1745 1402 1775 regione
1415 1744 1517 1767 scholae
1530 1745 1686 1767 decretorum
1700 1744 1866 1774 absolutumq3
1881 1748 1969 1767 octauo
1981 1744 2102 1768 Calendas
2111 1745 2196 1768 Maias.

1270 1780 1341 1804 Anno
1354 1779 1446 1803 domini
1459 1779 1585 1802 M.D.XVI.
1598 1779 1663 1802 solio.
1678 1780 1748 1808 (42),
1765 1780 1826 1808 457,
1842 1780 1880 1806 (2)
1895 1779 1944 1802 toll.
1980 1783 2033 1801 Bibt.
2043 1783 2099 1801 Juss.

1275 1845 1310 1870 [ῃ.
1325 1818 1608 1872 litem*
1801 1818 1881 1872 §.tzar
1897 1818 2196 1873 aaziatssssit‘fstufttiif

1274 1870 1385 1890 Yenetiis
1395 1870 1451 1890 4538.
1465 1870 1484 1889 8.
1500 1869 1608 1890 Basileae
1623 1869 1679 1890 4542.
1693 1870 1712 1889 8.
1728 1870 1876 1890 Francosurti
1891 1871 1916 1889 et
1929 1869 1978 1889 Mar
1997 1875 2047 1895 orgi
2061 1868 2116 1890 4013.
2131 1870 2196 1890 folio.

1274 1894 1381 1920 Lugduni
1396 1893 1451 1915 4543.
1469 1894 1497 1914 12.
1513 1894 1619 1919 Lugduni
1633 1894 1686 1915 1516,
1702 1895 1731 1915 12.
1748 1895 1854 1920 Lugduni
1868 1893 1921 1915 1547.
1936 1895 1967 1915 42,
1991 1894 2129 1915 'rancosurti
2140 1893 2196 1915 4519.

1274 1921 1338 1941 sotio,
1359 1920 1474 1948 Lugduni
1484 1919 1539 1940 4530
1555 1920 1574 1940 8.
1594 1920 1700 1948 Lugduni
1715 1920 1772 1941 1552.
1787 1921 1806 1940 8.
1827 1920 1934 1949 Lugduni
1949 1918 2005 1948 4551».
2019 1919 2038 1948 8.
2059 1920 2116 1948 111111-
2127 1920 2195 1945 oster,

1274 1946 1344 1966 tiieits
1360 1946 1413 1970 mit,
1428 1946 1498 1965 ttieils
1513 1945 1576 1965 ohne
1591 1945 1765 1970 Abtnldungen.
1779 1945 1845 1965 Aucti
1860 1945 1934 1973 nudet
1948 1945 2000 1965 sicli
2015 1945 2085 1965 diese
2100 1945 2194 1973 beber—

1273 1973 1375 1996 setzung
1390 1972 1412 1990 iii
1427 1970 1473 1990 des
1487 1969 1534 1990 ,ΙιιῡΙ
1547 1969 1661 1995 Goapislas
1676 1970 2113 1996 griechisch-lateinisclierAusgabe,
2128 1970 2194 1990 Paris

1274 1994 1329 2016 4519.
1344 1999 1374 2021 8.,
1389 2001 1411 2016 11.
1426 1996 1484 2020 liegt
1498 1995 1554 2016 deni
1568 1995 1727 2016 lateiniselien
1742 1995 1871 2016 Matthiolas
1886 2001 1914 2016 zu
1924 1995 2043 2016 tii-unde.»
2058 1995 2194 2021 cnoulant.)

1495 2035 1591 2059 Pedacii
1607 2035 1756 2059 Dioscoridae
1773 2035 1905 2059 Anazarbei
1923 2036 1954 2059 de
1976 2036 2072 2059 medica
2095 2036 2194 2059 materia

1269 2072 1322 2095 libri
1342 2079 1397 2099 sex,
1415 2071 1550 2101 interprete
1569 2070 1678 2095 Mai-cello
1696 2071 1804 2100 Vei-yi‘im,
1823 2071 1956 2094 secretario
1969 2071 2118 2099 Florentino,
2137 2078 2192 2094 cum

1269 2108 1380 2137 ejusdem
1400 2106 1610 2134 annotationibus,
1633 2113 1763 2136 nuperque
1785 2106 1969 2136 diligentissime
1992 2106 2084 2129 excusi.
2106 2106 2194 2129 Addito

1269 2142 1352 2164 indice
1366 2148 1460 2169 eorum,
1474 2148 1540 2172 quae
1552 2141 1625 2171 digna
1640 2145 1722 2164 notatu
1733 2141 1783 2164 visa
1793 2145 1856 2164 sunt.
1872 2141 2029 2169 (Florentiae,
2044 2148 2089 2170 per
2102 2140 2193 2163 haere-

1268 2177 1313 2199 des
1321 2175 1423 2207 Philippi
1430 2175 1519 2199 Juntae
1528 2176 1656 2199 Florentini
1669 2183 1732 2199 anno
1741 2176 1771 2199 ab
1782 2176 1950 2199 incarnatione
1957 2175 2052 2198 Domini
2060 2175 2190 2201 MDRVttt,

1267 2211 1353 2234 idibus
1367 2211 1494 2239 Octobris,
1512 2211 1596 2234 Leone
1609 2211 1708 2234 docimo
1722 2211 1877 2234 christianam
1889 2210 2067 2240 rempublicam
2081 2214 2191 2240 gerente.

1269 2246 1332 2269 solio.
1348 2246 1395 2269 364
1410 2246 1457 2269 soll.
1494 2249 1609 2268 Hoffmann.

1450 2305 1470 2310 -
1489 2292 1583 2315 Pedacti
1601 2291 1751 2316 Di'oscorzdae
1768 2291 1899 2315 Anazarbei
1921 2292 1952 2314 ‹le
1973 2290 2069 2314 medlea
2090 2291 2191 2314 materia

1267 2328 1322 2351 libri
1336 2335 1379 2350 sex
1393 2334 1406 2350 a
1420 2326 1529 2350 Marcello
1547 2327 1641 2357 Virgiilio
1656 2327 1791 2357 (Vergilio),
1805 2326 1939 2351 secretario
1953 2325 2098 2354 Florentino,
2112 2326 2192 2349 latini-

1268 2367 1317 2386 tate
1331 2362 1426 2391 donati,
1440 2369 1496 2385 cum
1511 2363 1622 2393 ejusdem
1636 2362 1892 2389 commentationibus,
1905 2368 1984 2391 nuper
1997 2367 2069 2391 quam
2084 2360 2191 2390 diligen-

1267 2398 1360 2421 tissime
1373 2404 1403 2420 ex
1413 2398 1525 2421 secunda
1538 2398 1677 2427 interpretis
1690 2396 1857 2427 recognitione
1869 2395 1962 2418 excusi.
1974 2395 2076 2418 Accedit
2088 2395 2190 2425 insuper

1266 2432 1289 2455 in
1304 2431 1460 2455 Dioscoridem
1476 2433 1551 2456 index
1566 2433 1639 2455 latine
1653 2439 1795 2462 graeceque
1809 2437 1929 2457 excusus,
1947 2430 2008 2453 alius
2021 2434 2152 2460 praeterea
2165 2430 2189 2454 iu

1268 2467 1486 2491 commentationes
1499 2474 1572 2498 quam
1586 2467 1769 2497 copiosissimus
1780 2472 1873 2494 eorum,
1886 2472 1950 2495 quae
1963 2469 2013 2487 tum
2026 2471 2125 2495 graece,
2138 2469 2190 2488 tum

1266 2502 1339 2525 latine
1358 2506 1441 2525 notatu
1460 2502 1532 2532 digna
1551 2502 1603 2525 visa
1623 2505 1684 2524 sunt.
1707 2500 1865 2528 (Florentiae,
1885 2507 1930 2530 per
1946 2499 2071 2523 haeredes
2083 2499 2190 2530 Philippi

1267 2537 1354 2560 Juntae
1368 2537 1505 2560 Florentini.
1524 2538 1593 2560 Anno
1609 2536 1639 2558 ab
1658 2535 1824 2558 incarnatione
1837 2534 1933 2557 Domini
1946 2534 2091 2558 M.D.XX111.
2104 2535 2190 2558 Idibus

1268 2571 1400 2596 Februarii.
1415 2572 1478 2595 solio.
1494 2573 1565 2600 (10),
1582 2572 1628 2593 352
1645 2570 1690 2592 toll.
1727 2573 1842 2591 Hoffmann.

1323 2602 1423 2627 (Panzer
1442 2603 1464 2622 in
1479 2602 1556 2623 Annat.
1579 2603 1669 2627 typogr.
1685 2600 1727 2621 ΥΠ.
1743 2605 1765 2625 p.
1779 2599 1811 2620 45.
1826 2600 1865 2621 Nr.
1879 2599 1917 2620 249
1933 2599 2007 2620 habet.
2024 2600 2119 2621 tertiam
2134 2600 2189 2621 edi-

1270 2628 1360 2649 tionem
1375 2628 1534 2648 Florentinam
1549 2632 1593 2652 pei·
1607 2626 1727 2646 haeredes
1741 2626 1796 2646 Phili
1817 2630 1863 2650 pae
1876 2625 1961 2646 Juntae
1974 2630 2036 2646 anno
2050 2625 2188 2646 bexvnt.

1270 2653 1335 2674 folio.
1351 2653 1487 2673 secundum
1502 2653 1630 2676 catalogue
1645 2652 1689 2671 des
1704 2651 1778 2671 livres
1810 2656 1824 2670 e
1838 2650 1932 2675 Boiong.
1948 2651 2015 2671 Crev.
2031 2650 2056 2671 11.
2071 2656 2093 2676 p.
2106 2650 2150 2676 455,
2165 2652 2189 2670 et

1272 2684 1302 2700 ex
1316 2678 1416 2700 Bandini'
1428 2679 1458 2699 de
1473 2677 1606 2698 Florentino
1621 2676 1745 2697 Juiitarum
1759 2676 1918 2702 typographia
1932 2675 1955 2697 tt.
1970 2681 1992 2702 p.
2007 2676 2052 2697 270.
2071 2675 2189 2698 Renoaard

1831 2707 1885 2732 42*
