2360 2942
185 114 501 150 MONOGRAPHIAE
518 112 759 147 PLANTARUM
777 111 1058 145 OFFIClNALlUM

107 211 234 239 Ruecker,
248 210 286 233 De
299 209 456 240 Camphorae
469 207 560 231 virtute
572 207 680 230 medica.
701 206 802 237 Dorpati
819 207 893 229 4835.
910 206 932 228 8.

105 253 201 282 Millot,
214 252 322 276 Histoire
335 251 368 275 du
383 249 510 281 eemphre.
529 249 677 280 Strassburg
692 250 766 271 4837.
782 247 804 270 4.

278 323 388 349 Laurus
405 321 613 349 Ginnamomum
628 320 654 345 L.
672 322 699 345 et
714 318 825 344 Laurus
843 317 938 344 Cassia
954 316 980 343 L.

105 381 276 411 schenclcius,
290 381 328 405 De
342 380 513 404 Cinnamomo.
532 379 611 402 Jcnae
626 378 699 400 4670.
714 377 736 399 4.

104 423 242 454 newham,
255 423 294 448 De
309 422 397 447 Cassia
411 422 582 445 cinuaniomea
596 423 621 442 et
634 417 799 442 Malahathro.
819 416 949 448 Marpurgi
963 417 1038 440 4700.
1053 416 1076 438 4.

104 465 224 498 stevoqt,
237 465 276 489 De
290 465 458 489 Cinnamomo.
476 462 554 485 Jenao
571 462 644 483 4707.
661 460 684 483 4.

108 507 207 537 chdel,
221 508 259 532 De
274 507 444 531 Cinnamomo.
465 504 543 527 Jenae
559 503 634 525 4707.
650 502 672 524 4.

105 549 222 579 Goeller,
236 549 274 572 Dc
289 547 459 571 Cinnamomo.
480 543 588 574 Trnjecti
601 539 676 573 ath.
691 543 765 565 4709,
780 541 802 564 4.

106 591 279 618 Gai-tlzeuser,
293 589 331 612 De
346 587 434 610 Cassia
448 584 588 608 aromatica.
607 583 764 607 Francofurti
780 582 854 606 4745.
870 582 892 605 4.

105 632 244 664 Noyueira
258 630 293 654 da
310 629 409 655 (lama,
429 626 550 651 Memoria
562 625 639 649 sobre
653 633 668 648 o
680 623 802 648 Loureiro
816 623 979 647 Cinnamomo
992 622 1068 654 vulgo
1083 621 1166 646 Cane-

173 667 235 691 leira
248 666 280 689 de
295 664 397 695 Ceylao.
415 662 507 687 Lisboa
523 662 597 684 4797.
612 661 635 683 8.

106 709 174 734 Nees
187 714 239 732 von
252 704 399 734 Esenbeck,
413 705 452 728 De
466 703 630 727 Cinnamomo
644 700 786 731 disputatio.
807 699 910 724 Bonnae
926 700 1000 723 4823.
1015 700 1037 723 4.

467 775 578 801 Laurus
596 772 758 800 Culitlawan
773 772 800 798 L.

104 840 222 870 stevoyt,
236 838 275 861 De
289 836 383 860 cortice
398 834 534 859 Culilavan.
553 832 632 856 Jenae
647 832 722 855 4705.
737 831 759 854 4.

106 879 281 908 Cartheuser,
295 877 332 901 De
346 877 439 902 cortice
454 875 599 899 Culilawau.
619 872 773 897 Francosurti
788 873 862 895 4753.
879 872 900 894 4.

473 947 583 973 Laurus
601 944 750 980 Sassasras
765 943 792 969 L.

105 1010 246 1038 Neander,
259 1006 476 1037 Sassasrasologia.
494 1005 600 1029 Bremae
616 1005 690 1027 4627.
707 1004 729 1026 4.

103 1050 280 1077 saint-Eure,
294 1047 457 1074 Recherches
471 1054 513 1071 sur
522 1046 608 1069 l'huile
622 1044 766 1069 essentielle
778 1044 810 1067 de
822 1043 952 1067 Sassasras.
972 1043 1043 1067 Paris
1055 1042 1130 1066 4846.
1142 1042 1164 1065 4.

494 1117 597 1144 Lectum
609 1115 732 1152 palustre
747 1115 776 1141 L.

106 1181 203 1213 tinne,
217 1180 256 1204 De
269 1180 338 1204 Ledo
351 1177 463 1209 palustri.
484 1176 600 1207 Upsaliae
616 1176 690 1198 4775.
709 1174 731 1198 4.

104 1222 208 1255 Rinqel,
222 1222 260 1246 De
274 1225 359 1245 natura
373 1224 397 1243 et
409 1219 506 1242 viribus
520 1217 615 1241 herbae
629 1216 690 1240 Ledi
703 1215 828 1246 palustris.
848 1213 924 1238 Halae
941 1215 1015 1238 4824.
1029 1215 1051 1238 S.

472 1288 614 1324 Leptdium
629 1285 754 1313 ruderale
769 1286 797 1313 L.

107 1352 215 1381 Glaser,
229 1352 268 1376 De
280 1352 370 1376 virtute
385 1353 409 1373 et
422 1348 446 1372 vi
459 1347 557 1371 medica
570 1345 672 1376 Lepidii
685 1344 808 1369 ruderalis
822 1345 849 1368 L.
866 1344 970 1375 Dorpati
986 1345 1060 1368 4846.
1075 1345 1096 1368 8.

476 1418 576 1445 L'ichen
588 1416 746 1453 pyoeidatus
761 1417 788 1443 L.

104 1482 245 1509 Dittem‘us.
259 1481 297 1505 De
312 1480 424 1504 Lichene
437 1477 565 1510 pyxidalo.
585 1476 728 1508 Moguutiae
744 1477 818 1499 4785,
835 1476 858 1499 8.

481 1548 581 1576 Litium
597 1546 747 1574 candidum
762 1546 789 1573 L.

110 1612 215 1644 Tittiny,
230 1611 321 1636 Lilium
334 1610 467 1634 curiosum.
485 1606 639 1632 Francofurti
653 1603 717 1638 alM.
732 1607 808 1630 4683.
823 1607 846 1630 8.

445 1679 560 1706 Linaria
578 1678 752 1714 Cymbalaria
766 1678 829 1705 Mill.

108 1742 243 1774 Zwinqer,
256 1741 294 1765 De
309 1739 474 1770 Cymbalaria.
493 1738 609 1762 Basiieae
624 1739 698 1761 4745.
713 1738 734 1761 4.

438 1810 563 1837 Litmaea
578 1809 693 1837 borealis
710 1808 836 1836 Gronov.

108 1871 274 1899 Lundmark,
288 1870 326 1895 De
340 1878 388 1895 usu
400 1870 526 1894 Liunaeae
538 1868 646 1892 medico.
666 1868 783 1900 Upsaliae
798 1869 872 1891 4788.
887 1868 909 1891 4.

464 1941 564 1967 Linum
580 1939 758 1967 catharticum
774 1940 802 1966 L.

111 2001 299 2028 Camerarius,
314 2000 376 2031 Biga
389 2000 514 2024 botanica.
534 2000 637 2028 (Linum
651 1998 833 2026 catharticum.)
853 1998 986 2029 Tubingae
1000 2000 1076 2023 4742.
1090 1999 1112 2022 4.

108 2043 228 2076 Slevoqt,
243 2043 282 2067 De
296 2042 357 2066 Lino
370 2043 486 2074 sylvestri
501 2042 636 2066 cathartico
648 2042 793 2072 Anglorum.
813 2041 892 2066 Jenae
907 2043 980 2065 4745.
995 2041 1018 2064 4.

108 2085 221 2113 Moritz,
235 2084 275 2108 De
288 2084 343 2107 Lini
359 2083 487 2107 cathartici
501 2084 525 2107 vi
539 2087 669 2114 purgante.
689 2082 792 2113 Dorpati
809 2083 884 2106 4835.
901 2083 922 2106 8.

109 2125 315 2159 Payenstecher,
328 2125 414 2150 Ueber
426 2125 514 2149 Linum
528 2125 690 2149 catharticum
704 2125 730 2148 L.
750 2124 877 2148 Munchen
894 2124 968 2148 4845.
984 2125 1005 2148 8.

471 2195 577 2222 Loliam
594 2196 764 2223 temulentum
780 2196 806 2222 L.

112 2253 244 2281 Crassus,
258 2251 296 2275 De
309 2251 379 2275 Lolio
393 2254 519 2274 tractatus.
540 2249 666 2273 Bononiae
683 2252 757 2274 4600.
771 2251 793 2274 4.

113 2293 302 2322 Camerarius,
315 2292 354 2317 De
368 2292 437 2316 Lolio
451 2291 595 2316 temulenm.
614 2291 745 2323 Tubingae
760 2293 805 2315 474
815 2294 836 2315 ο.
852 2293 874 2316 4.

449 2362 639 2399 Lycopodz'um
655 2361 791 2388 clavatum
806 2363 835 2389 L.

121 2423 222 2453 Weclel,
236 2423 275 2447 De
288 2422 377 2447 Museo
390 2422 499 2446 terrestri
513 2421 618 2446 clavato.
636 2420 715 2444 Jenae
729 2422 805 2445 4702.
820 2421 842 2444 4.

114 2464 228 2493 Danzel,
242 2465 280 2489 De
292 2464 432 2495 Lycopodii
446 2463 526 2488 herba
540 2466 566 2488 et
577 2462 681 2487 semine.
703 2461 851 2492 Goettingae
866 2463 940 2486 4844.
957 2465 979 2487 8.

478 2534 611 2569 Lythrum
627 2533 764 2561 Salicaria
778 2532 807 2559 L.

116 2593 221 2626 Sayar,
235 2593 273 2617 De
286 2593 416 2618 Salicaria.
436 2593 549 2617 Viennae
565 2593 639 2616 4762.
655 2592 678 2615 4.

117 2634 334 2694 δοὴθςὸῖῑιε,4Βε
347 2635 521 2693 Εζείωεοὴίεε
540 2641 685 2667 purpureae
704 2633 758 2659 sive
777 2633 861 2662 Lythri
879 2633 1016 2659 Salicariae
1029 2635 1055 2659 L.
1074 2635 1174 2660 virtute.

201 2677 264 2694 enae
297 2672 354 2694 790.
388 2688 393 2693 .

116 2705 227 2736 Freyer,
240 2705 278 2729 De
291 2705 384 2735 Lythro
398 2705 518 2730 Salicaria
530 2706 556 2730 L.
576 2705 726 2737 Goettingae
741 2706 817 2729 4802.
830 2705 853 2728 8.

1145 111 1216 143 4-56

1303 109 1621 143 MONOGRAPHIAE
1640 109 1880 144 PLANTARUM
1899 109 2181 144 OFFICINALIUM

1615 203 1724 232 Malvae
1738 205 1850 240 species.

1202 261 1296 292 Horst,
1311 262 1393 286 Malva
1406 261 1574 287 arborescens
1586 262 1661 287 lutea.
1682 263 1770 288 Gissao
1786 263 1861 286 4654.
1879 263 1901 286 4.

1517 332 1707 368 Mandrayora
1723 334 1867 370 officinalis
1883 333 1947 360 Mill.

1203 390 1329 420 Catetan,
1343 390 1465 414 Discours
1478 398 1522 415 sur
1534 391 1556 414 la
1569 391 1746 422 Mandragore.
1767 393 1836 416 Paris
1852 393 1927 416 4639,
1944 393 1984 415 42.

1154 462 1157 468 .
1203 431 1338 460 Rudbeck,
1354 432 1392 456 De
1405 432 1580 464 Mandragora.
1600 432 1715 464 Upsaliae
1731 435 1807 458 4702.
1824 435 1847 458 8.

1203 473 1354 503 Holtzbom,
1368 473 1406 497 De
1420 473 1594 505 Mandragora.
1613 475 1720 506 TraJecti
1733 473 1805 508 ath.
1822 476 1896 499 4704.
1911 476 1933 498 4.
1954 477 1980 502 (a
1994 475 2071 506 priori
2086 483 2134 499 non
2148 475 2248 502 distem.)

1376 545 1506 572 Maranla
1521 544 1710 572 arundinacea
1725 545 1752 572 L.
1770 548 1797 572 et
1813 546 1848 573 M.
1865 546 1957 572 indica
1972 546 2090 572 Tussuc.

1204 604 1304 635 Ryder,
1318 604 1393 628 Some
1408 608 1516 627 account
1529 604 1556 627 of
1566 604 1608 627 the
1621 604 1740 628 Maranta.
1758 604 1863 628 Londou
1878 606 1954 629 4796.
1969 606 1991 629 8.

1534 674 1682 702 Melaleuca
1700 675 1825 711 Cajeputi
1842 675 1934 702 Roxb.

1203 733 1342 766 (Martini)
1356 734 1394 758 De
1408 733 1466 757 oleo
1478 733 1650 757 Wittnebiano
1663 742 1711 758 seu
1723 733 1838 766 Kajuput.
1861 734 2068 762 ssVolsenbmtel)
2085 736 2158 758 4754.
2173 734 2194 757 4.

1203 776 1313 804 Adamt',
1329 776 1367 799 De
1381 774 1438 799 oleo
1453 774 1570 806 Cnjeput.
1589 776 1738 806 Gocttingae
1753 777 1830 799 4783.
1848 776 1870 800 4.

1208 817 1358 849 leunbery,
1371 816 1411 840 De
1424 816 1481 840 oleo
1496 815 1620 847 Cajuputi.
1640 816 1756 847 Upsaliae
1773 818 1846 840 4797.
1863 817 1885 840 4.

1205 857 1322 886 Buchoz,
1337 858 1475 882 Mcrnoires
1489 865 1532 881 sur
1545 857 1567 881 la
1581 857 1754 889 Melaleuque.
1775 859 1845 882 Paris
1861 860 1935 882 4805.
1952 860 1973 882 8.

1576 928 1685 956 Melissa
1702 929 1847 966 officinalis
1863 931 1892 957 L.

1206 987 1329 1016 Schulze,
1344 987 1383 1012 De
1396 987 1506 1012 Melissa.
1524 987 1604 1012 Halae
1620 989 1695 1012 4739.
1712 989 1734 1012 4.

1612 1059 1736 1087 Mentkae
1746 1061 1858 1096 species.

1206 1118 1301 1148 Linue',
1316 1118 1355 1142 De
1367 1117 1487 1142 Menthae
1500 1125 1554 1142 usu.
1577 1117 1693 1148 Upsaliae
1709 1120 1785 1142 4767.
1801 1119 1824 1142 4.

1204 1160 1322 1192 Kni99e‚
1336 1160 1374 1184 De
1388 1160 1489 1184 Mentha
1501 1159 1646 1190 Piperitide.
1665 1158 1790 1190 Erlangae
1807 1161 1881 1183 4780.
1898 1160 1920 1183 4.

1550 1229 1726 1265 Menyanthes
1742 1230 1875 1266 trifoliata
1891 1230 1920 1257 L.

1205 1288 1334 1318 Schroer,
1349 1289 1388 1312 De
1401 1293 1488 1312 natura
1502 1292 1527 1312 et
1539 1287 1635 1312 viribus
1649 1287 1742 1312 Tritolii
1755 1288 1845 1313 fibriui.
1864 1289 1988 1314 Gubeuae
2003 1291 2078 1313 4700.
2092 1291 2115 1313 8.

1204 1330 1326 1360 Franke,
1341 1330 1435 1354 Tritolii
1448 1329 1529 1354 fibrini
1542 1329 1654 1353 historia.
1674 1329 1828 1353 Francorum
1844 1331 1919 1354 4701.
1934 1332 1956 1354 8.

1204 1372 1299 1404 Eysel,
1313 1372 1443 1396 Trifolium
1455 1371 1581 1395 fibrinum.
1600 1370 1731 1394 Erfordiae
1748 1372 1821 1394 4746.
1837 1371 1860 1396 4.

1204 1413 1368 1438 Boketmamz
1377 1431 1384 1442 ‚
1397 1412 1436 1437 De
1450 1412 1550 1436 Trifolio
1563 1411 1696 1443 paludoso.
1715 1411 1830 1443 Lugduni
1843 1411 1992 1436 Batavorum
2008 1413 2081 1435 4748.
2095 1412 2118 1435 4.

1204 1455 1337 1487 ΕἶῘιυίηρῙ,
1351 1455 1391 1479 De
1405 1454 1503 1478 Trifolio
1518 1454 1644 1485 aquatico.
1663 1453 1752 1477 Ahoae
1769 1454 1844 1477 4724.
1859 1455 1880 1478 8.

1208 1496 1362 1528 Τὴαηὸσνρ,
1376 1496 1415 1520 De
1428 1503 1476 1521 usu
1489 1494 1678 1527 Menyanthidis
1691 1494 1830 1519 trifoliatae.
1848 1495 1966 1526 Upsaliae
1981 1497 2055 1519 4797.
2070 1496 2093 1519 4.

1464 1565 1765 1595 Mesembriamhemum
1780 1566 1968 1602 crystallinum
1983 1566 2010 1593 L.

1208 1627 1282 1657 Lieb,
1296 1627 1344 1651 Die
1357 1626 1501 1658 Eispnanze
1516 1625 1812 1654 (Mesembrianthemum
1826 1625 1998 1657 crystallinum
2012 1625 2056 1652 L.).
2074 1625 2125 1650 Hos
2138 1627 2211 1650 4785.
2227 1627 2249 1650 8.

1616 1696 1740 1724 Mikanz'a
1758 1696 1861 1724 Guaco.

1209 1758 1388 1790 Pettenkoser,
1401 1756 1487 1781 Ueber
1500 1755 1608 1781 Mikania
1622 1755 1716 1780 Guaco.
1734 1755 1862 1780 Munchen
1878 1756 1952 1779 4844.
1969 1757 1991 1779 8.

1544 1826 1714 1855 Momorcttca
1729 1827 1890 1854 Balsamtna
1905 1827 1934 1854 L.

1209 1887 1328 1918 Franke,
1341 1887 1479 1919 Thappuah
1489 1886 1658 1911 Jeruschalmi
1668 1893 1717 1910 scu
1727 1886 1898 1910 Momordicae
1908 1878 2052 1916 descriptio.
2066 1884 2148 1909 Ulmae
2163 1885 2237 1908 4720.
2247 1886 2270 1908 S.

1549 1957 1719 1985 Memordica
1734 1957 1883 1984 Elaterium
1898 1957 1928 1983 L.

1209 2019 1365 2049 ΕυθνΙιανά,
1377 2017 1514 2043 Elaterium
1526 2016 1624 2048 magnis
1637 2015 1776 2040 mortalium
1788 2016 1877 2040 usibus
1890 2016 1980 2046 parari.
2001 2015 2112 2040 Altdorfii
2128 2017 2202 2039 4722.
2218 2016 2241 2038 4.

1585 2086 1723 2115 Monarda
1738 2086 1850 2121 didyma
1864 2086 1892 2113 L.

1211 2148 1378 2177 Hartmamt,
1392 2148 1431 2172 De
1444 2147 1573 2173 Monarda.
1593 2145 1699 2178 Trajecti
1713 2141 1771 2180 asV.
1787 2147 1863 2169 4794,
1881 2146 1901 2168 4.

1572 2218 1706 2246 Monnina
1717 2216 1907 2253 polystachya.

1212 2279 1293 2307 Ruiz.
1313 2279 1435 2303 Memoria
1455 2278 1533 2302 sobre
1551 2277 1589 2301 las
1602 2276 1715 2301 virtudes
1732 2276 1765 2300 de
1783 2276 1806 2299 la
1824 2276 1874 2300 raiz
1887 2275 1993 2307 Yauhoy
2013 2275 2141 2303 (Monuina
2158 2275 2275 2306 polysta-

1282 2314 1366 2346 chya).
1385 2313 1483 2338 Madrid
1499 2314 1573 2337 4805.
1588 2313 1610 2335 4.

1492 2384 1619 2418 Morinya
1630 2385 1861 2418 pteryyosper-ma
1877 2382 1992 2410 Gaertn.

1214 2444 1332 2474 Hei-ster,
1346 2444 1384 2468 De
1397 2451 1463 2468 nuce
1476 2443 1556 2468 Been.
1575 2441 1725 2466 Heimstadii
1740 2443 1814 2465 4750.
1831 2442 1854 2465 4.

1576 2513 1696 2541 Muenna
1709 2513 1842 2548 pruriens
1857 2512 1912 2539 Dc.

1215 2573 1431 2602 Chambertaine,
1445 2572 1483 2597 On
1495 2573 1538 2597 the
1551 2572 1659 2602 efficacy
1671 2572 1700 2595 os
1710 2571 1877 2595 Stizolobium.
1895 2571 1999 2599 London
2013 2571 2089 2595 4792.
2102 2571 2124 2594 8.

1529 2643 1669 2679 Myristica
1683 2642 1825 2670 moschata
1841 2641 1952 2669 Thunb.

1213 2703 1300 2733 Dieez,
1313 2703 1574 2735 Moschokarpologia.
1594 2701 1640 2727 Ed.
1654 2702 1682 2726 11.
1701 2702 1809 2727 Giessac
1825 2703 1899 2725 4684.
1914 2701 1936 2723 4.
