2360 2942
181 107 500 144 MONOGRAPHIAE
518 107 756 143 PLANTARUM
774 105 1057 141 OFFICINALIUM

107 202 211 231 Frank,
230 203 277 227 Sur
289 202 430 227 l'esfieacite
447 202 481 226 de
500 201 523 225 la
538 208 658 226 semence
671 201 702 225 de
717 200 823 225 Chichm
840 200 940 229 (Cassia
954 200 1031 223 absus
1044 199 1084 227 L.)
1104 199 1167 223 dans

174 238 352 269 l'ophthalmie.
380 238 406 262 ln
419 239 472 270 eJus
492 236 647 261 «Collection
662 236 852 268 d'opuscules».
879 235 948 259 Paris
964 236 1038 258 4842,
1054 236 1076 270 8.
1096 242 1121 265 p.
1135 236 1165 258 38

108 274 374 338 ΟοίῐαάοίτιιῗιΗίεῑοίτε
387 308 510 332 naturclle
525 312 549 331 et
562 307 685 331 medicato
698 306 744 330 des
758 305 859 329 Casses.
878 304 1037 336 Montpcllier
1053 305 1127 328 4846.
1142 304 1166 328 4.

109 348 169 379 Fae,
182 350 247 374 Note
259 357 302 374 sur
314 350 352 374 les
364 351 439 375 senes
454 353 479 374 et
491 351 643 374 notamment
655 355 698 371 sur
710 347 733 370 lc
747 347 808 370 sene
822 345 904 370 Moka.
922 345 991 369 Paris
1003 353 1023 369 s.
1037 351 1059 368 a.
1077 346 1098 368 8.

504 418 612 446 Gadi-eta
627 417 777 454 febrifuga.

107 479 234 509 Forsitan,
247 480 286 504 De
300 479 405 504 Cedrela
419 478 551 508 febrifuga.
570 476 648 508 Lugd.
660 476 714 500 Bat.
730 477 804 499 4836.
818 476 841 499 4.

414 547 550 584 Cephaelis
566 546 757 583 Ipecacuanlza
772 547 852 574 Rich.

107 609 237 637 Leibm'cz,
250 609 344 633 Relatio
358 608 390 632 de
404 614 468 631 novo
482 606 691 635 antidysenterico
704 605 847 630 americano
861 606 958 638 maguis
970 605 1094 631 sumtibus
1107 613 1170 630 con-

176 646 287 676 probato.
306 644 473 668 Hannoverao
487 643 563 666 4696.
578 642 600 665 8.

113 686 254 716 Valentini,
267 686 305 710 De
316 684 489 716 Ipecacuanha
500 690 565 708 novo
573 683 698 707 Gallorum
709 682 928 714 antidysenterieo.
942 683 1047 707 Giessae
1058 684 1131 707 4698.
1145 683 1167 706 4.

112 727 214 757 Wedet,
227 727 266 751 De
279 726 456 758 Ipecacuanha
469 725 611 749 americana
625 729 649 749 et
662 724 814 755 garumnica.
833 725 914 748 Jenac
929 726 1004 748 4705.
1019 725 1041 748 4.

107 769 233 799 Schzcke,
247 769 285 792 De
298 767 474 800 lpecacuanha
487 767 638 791 americana.
658 766 736 790 Halae
751 766 827 790 4744.
841 767 863 790 4.

107 811 256 839 Buechner.
270 810 308 834 De
321 809 410 834 radice
424 809 605 840 1pecaeuanha.
622 808 752 832 Erfordiae
767 808 843 832 4745.
857 808 879 832 4.

109 851 244 881 Gianetta,
257 852 295 876 De
308 851 447 876 admirabili
460 851 553 875 radicis
566 849 758 881 Ipecacuanhae
771 849 870 873 virtute.
889 849 983 873 Patavii
998 849 1073 872 4754.
1088 849 1110 872 4.

109 893 204 921 ΙΛήηό,
218 893 256 917 De
269 892 341 916 Viola
353 892 536 923 Ipecacuanha.
555 891 672 922 Upsaliac
688 891 763 914 4774.
778 891 800 914 4.

108 933 230 964 Moeller,
244 934 282 958 Do
295 933 480 964 Ipecacuanha.
499 933 630 957 Errordiae
645 933 720 956 4795.
737 932 760 956 4.

107 976 206 1001 Muenz
220 980 245 1000 et
257 974 349 1005 Raab,
364 975 402 999 De
415 975 509 999 cortice
521 974 660 1005 peruviano
675 978 700 998 et
711 973 797 998 radice
809 972 1007 1004 Ipecacuauhae.
1026 973 1171 997 Landishuti

108 1046 144 1072 De
153 1012 291 1075 &⁴13ngng
301 1045 468 1070 Recherches
479 1052 523 1069 sur
532 1044 570 1068 les
583 1044 729 1068 disserentes
740 1047 848 1074 especes
859 1043 1069 1074 d'lpecaeuanha.
1085 1043 1169 1071 (Mem.

177 1083 209 1107 de
223 1083 246 1106 la
259 1089 311 1106 soc.
324 1082 370 1105 des
383 1081 446 1111 prof.
462 1081 494 1104 de
507 1079 596 1104 l'ecole
609 1080 641 1103 de
655 1080 722 1103 med.
738 1080 770 1103 de
783 1079 859 1103 Paris.
877 1078 925 1103 vol.
937 1079 956 1107 1,
973 1079 1126 1106 478—494.)

110 1123 237 1151 leoham,
256 1122 365 1147 Histoire
378 1121 500 1146 naturelle
519 1125 544 1145 et
556 1121 679 1145 medicale
698 1121 744 1145 des
763 1120 908 1144 differentes
927 1123 1036 1151 especes
1055 1121 1172 1151 d'Ipcca-

180 1158 277 1183 cuauha
290 1159 324 1182 du
337 1164 487 1181 commcrce.
506 1156 575 1180 Paris
590 1158 599 1179 4
609 1157 667 1180 820.
682 1156 704 1179 4.

109 1199 284 1228 lammam,
306 1199 344 1223 De
363 1198 476 1222 Emetino
496 1202 521 1221 ct
540 1197 662 1228 Cephaeli
680 1196 867 1227 lpecacuanha,
890 1196 1035 1226 Psychotria
1056 1196 1170 1225 emehea,

177 1234 357 1259 Richardsonia
370 1233 522 1257 brasiliensi.
542 1232 652 1256 Berolini
670 1233 744 1255 4823.
759 1233 782 1255 8.

113 1275 263 1308 leunberq,
276 1276 315 1300 De
327 1274 512 1307 Ipecacuauha.
530 1274 648 1304 Upsaliae
663 1274 738 1297 4824.
753 1274 777 1297 8.

110 1318 229 1350 Herzoy,
244 1318 282 1342 De
295 1316 480 1348 Ipecaeuauha.
499 1315 599 1346 Lipsiae
615 1316 690 1338 4826.
704 1315 728 1338 4.

110 1359 191 1389 Boclc)
206 1359 243 1383 De
256 1359 341 1383 radice
354 1357 554 1388 Ipecacuanhae.
572 1356 652 1380 Jenae
669 1357 743 1380 4830.
758 1356 781 1379 4.

111 1401 221 1431 Henkel,
234 1401 273 1425 De
286 1400 373 1424 radice
386 1399 588 1430 Ipecacuanhae.
608 1397 737 1423 Monachii
753 1398 827 1421 4835.
842 1398 864 1421 8.

112 1443 235 1471 Borkert,
248 1443 287 1467 De
300 1442 391 1466 radicis
404 1441 595 1473 Ipecacuanhae
609 1441 709 1465 effectu.
728 1440 893 1465 Vratislaviae
909 1440 982 1465 4844.
997 1442 1020 1464 8.

114 1484 244 1513 Tesanak,
257 1485 295 1509 De
308 1484 396 1508 radice
408 1483 609 1514 Ipeeacuanhae.
627 1482 794 1507 Vindobonae
810 1483 885 1506 4844.
899 1484 921 1507 ὃ.

462 1554 585 1582 Cetrart'a
600 1553 736 1581 islandica
752 1553 820 1581 Ach.

113 1616 233 1649 Scopoli,
256 1615 374 1640 Lichenis
392 1614 505 1638 islandici
522 1614 590 1638 vires
608 1614 732 1638 medicae.
762 1613 789 1637 111
802 1614 857 1644 ejus
876 1614 964 1637 “Anno
981 1613 1037 1637 hist.
1057 1617 1124 1637 nat.»
1144 1613 1173 1637 11.

181 1652 283 1683 Lipsiae
299 1652 373 1674 4769.
389 1651 412 1673 8.
426 1650 609 1680 p.407—44S.

116 1685 319 1718 Trommsclorff,
333 1686 371 1709 De
384 1685 495 1709 Liehene
508 1684 637 1708 islandico.
658 1683 789 1708 Erfordiae
804 1685 878 1707 4778.
894 1684 915 1707 4.

115 1729 238 1758 Cramer,
251 1728 290 1751 De
303 1727 415 1752 Lichene
428 1726 557 1750 islandico.
575 1725 702 1757 Erlangae
719 1726 794 1749 4780.
810 1726 831 1749 4.

115 1770 234 1798 chard,
247 1769 354 1794 Histoire
368 1769 403 1792 du
415 1768 510 1792 Lichen
523 1767 654 1791 d'lslaude.
672 1767 742 1791 Paris
759 1768 832 1790 4836.
847 1768 869 1790 S.

433 1838 658 1874 Cltaerophyllum
673 1838 817 1866 bulbosum
832 1837 860 1864 L.

119 1901 234 1928 Lomles,
249 1900 287 1924 De
300 1898 484 1930 Chaerophyllo
496 1898 613 1922 bulboso.
634 1897 782 1929 Goettingae
798 1898 871 1921 4804.
888 1898 910 1920 4.

474 1969 660 1997 Chelidonium
675 1969 766 2004 majus
786 1968 815 1995 L.

120 2032 231 2059 Glumm,
246 2030 285 2054 De
299 2029 449 2054 Chelidonio
462 2029 556 2060 majori.
575 2028 713 2059 Duisburgi
729 2029 804 2051 4786.
819 2028 842 2051 4.

118 2071 271 2099 Scltallern,
285 2070 425 2095 Chelidonii
437 2070 537 2100 majoris
551 2069 629 2094 virtus
642 2069 747 2094 medica.
767 2069 889 2100 Erlangae
906 2070 980 2093 4790.
997 2070 1017 2092 4.

285 2140 490 2176 Chenopoclt'um
505 2140 702 2167 ambrosioides
717 2141 746 2167 L.
759 2143 787 2167 et
805 2139 850 2167 Ch.
866 2141 964 2175 Botrys
980 2141 1008 2167 L.

122 2202 297 2229 Carllteuser,
310 2200 349 2224 De
363 2199 528 2230 Chenopodio
542 2199 719 2224 ambrosioide.
737 2199 889 2224 Francol'urti
906 2200 913 2222 4
923 2200 979 2223 757.
997 2200 1018 2222 4,

398 2270 601 2306 Chenopoclium
615 2271 709 2297 Bonus
724 2271 858 2298 Henrt'cus
874 2271 903 2298 L.

122 2332 213 2364 Eysel,
228 2332 266 2355 De
278 2330 461 2355 Bonoheinrico
475 2329 539 2353 oder
553 2329 633 2353 Guten
647 2328 772 2353 Heinrich.
790 2329 921 2354 Ersordiae
936 2332 979 2353 474
989 2330 1009 2353 4.
1026 2330 1046 2352 4.

446 2400 591 2428 Cltiococca
606 2400 763 2436 anyuifuya
776 2400 855 2428 Mart.

124 2462 258 2494 Heylaml,
271 2461 386 2489 Analysis
399 2460 514 2484 chemiea
527 2459 617 2483 radicis
631 2459 745 2483 Caincae.
764 2459 843 2483 Kiliae
858 2460 932 2483 4827.
949 2461 970 2483 4.

126 2506 209 2533 Laue.
224 2504 262 2528 De
274 2503 359 2527 radice
374 2502 490 2526 Caincae.
510 2501 611 2531 Lipsiae
627 2501 701 2524 4827.
715 2501 738 2523 4.

127 2545 320 2574 Loewenscezm
334 2544 372 2568 De
385 2544 471 2568 radice
485 2544 601 2568 Caincae.
619 2543 726 2568 Berolini
741 2544 817 2567 4828.
832 2546 854 2567 8.

128 2588 163 2613 De
179 2586 318 2614 Canclolle,
332 2586 419 2610 Notice
433 2593 476 2609 sur
488 2585 512 2608 la
524 2586 610 2609 racine
623 2586 656 2610 de
668 2585 769 2610 Cainca.
789 2584 863 2613 (Bibl.
875 2585 940 2610 univ.
951 2586 1091 2610 deGeneve
1107 2586 1183 2610 4829.

195 2623 242 2646 vot.
253 2621 329 2651 XLu,
344 2622 498 2648 243—250.)

132 2657 211 2689 Wolf,
224 2657 263 2681 De
275 2657 360 2680 radico
375 2656 493 2680 Caincae.
512 2655 638 2687 Marburgi
654 2657 728 2680 4834.
744 2656 767 2679 8.

133 2698 268 2727 Wimmer,
281 2697 320 2722 De
333 2697 442 2722 Caincae
454 2697 548 2722 radice.
565 2697 691 2722 Monachii
705 2697 780 2720 4832.
795 2697 818 2720 8.

1146 106 1217 139 450

1307 103 1626 138 MONOGRAPHIAE
1643 102 1883 138 PLANTARUM
1902 102 2186 138 OFFICINALIUM

1550 215 1688 243 Chondria
1704 216 1795 251 crispa
1812 214 1924 250 Lyngb.

1206 273 1322 333 Ιῐιήηἷσὸ.4
1331 274 1425 333 ΟΕεὲεγε
1438 282 1470 299 ou
1481 275 1522 299 the
1535 275 1631 299 natural
1641 275 1735 304 history
1746 275 1795 299 and
1806 274 1902 305 origine
1913 274 1941 298 of
1951 274 2012 298 Peat
2021 280 2099 298 mess.
2120 272 2266 305 Edinburgh

1205 349 1307 381 Meyer,
1322 350 1360 374 De
1374 350 1443 374 Fuco
1457 351 1541 382 crispo
1556 358 1604 375 seu
1617 351 1728 376 Lichene
1743 351 1895 382 Carrageuo.
1913 349 2021 374 Borolini
2037 350 2113 372 4835.
2131 351 2153 371 8.

1205 392 1320 420 IIerzer,
1333 392 1372 416 De
1388 391 1454 415 Fuco
1469 392 1550 423 crispo
1565 392 1591 416 L.
1605 392 1659 416 sive
1674 392 1706 416 de
1718 392 1779 424 Alga
1794 392 1944 422 Carrageen.
1965 390 2049 414 Turici
2066 391 2141 413 4836.
2155 391 2178 413 8.

1206 433 1335 466 δὶῃηιοηά
1348 434 1397 457 and
1412 432 1510 461 Fam-e,
1526 433 1606 462 Essay
1619 441 1651 457 on
1665 433 1706 458 the
1714 433 1806 462 Ceylon
1818 433 1893 457 Moss.
1912 432 2134 463 (Sphacrococcus
2147 430 2269 455 lichenoi-

1276 469 1322 493 des
1336 468 1416 496 Kutz.)
1436 469 1539 492 London
1555 469 1631 492 4840.
1648 470 1688 492 42.

1207 509 1305 537 Leaen,
1320 510 1366 534 Om
1379 509 1493 539 Gelciers,
1508 509 1621 533 sardeles
1634 509 1824 541 Perl-Tangens
1837 509 2010 533 anvandande.
2029 508 2101 532 Lund
2117 507 2192 530 4844.
2207 508 2229 530 8.

1575 579 1730 607 Cichorium
1746 579 1859 614 Intybus
1873 579 1903 606 L.

1209 638 1397 668 Camerarius,
1412 639 1451 663 De
1466 638 1592 663 Cichorio.
1611 638 1744 669 Tubingae
1761 639 1941 662 4690-4694.
1956 639 1979 662 4.

1209 681 1342 710 Goclmat,
1356 681 1496 705 Teutamen
1509 681 1541 705 de
1556 680 1727 705 Cichoraccis.
1746 679 1904 710 Argentorati
1920 680 1995 703 4808.
2010 680 2032 703 4.

1383 752 1476 779 Cicuta
1490 752 1586 778 virosa
1600 751 1630 778 L.
1652 747 1695 789 (et
1712 751 1834 778 Conium
1849 750 2024 778 maculatum
2040 747 2097 788 L.).

1213 810 1331 843 IVepser,
1345 811 1449 835 Cicutae
1463 810 1594 841 aquaticae
1607 810 1708 834 historia
1721 815 1746 834 et
1759 817 1848 834 noxae.
1866 809 1981 834 Basileae
1995 811 2071 833 4679.
2087 809 2109 832 4.

1208 852 1381 911 Scltwen5clce,
1408 852 1598 883 Verhandeling
1620 859 1682 876 over
1704 851 1792 876 Cicuta
1814 851 1929 882 aquatica
1951 851 2068 876 Gesncri.
2106 849 2271 881 Gravenhage

1281 890 1310 912 47
1333 890 1354 912 6.
1370 889 1393 911 8.

1209 928 1331 958 Stoerck,
1345 929 1456 954 Libellus
1469 929 1501 953 dc
1516 928 1611 953 Cicuta.
1629 928 1798 952 Vindobonae
1813 929 1888 952 4760.
1904 929 1927 952 8.

1362 966 1482 993 (gallice.)

1211 1001 1328 1032 Quarin,
1343 1002 1488 1026 Teutamina
1503 1002 1535 1026 de
1550 1001 1645 1025 Cicuta.
1663 1001 1832 1024 Vindobonae
1849 1002 1923 1025 4764.
1937 1002 1960 1024 8.

1209 1043 1303 1072 Leber,
1317 1043 1478 1068 Nutzbarkeit
1491 1044 1538 1066 des
1552 1042 1715 1073 Schierlings.
1736 1042 1811 1066 Wien
1827 1044 1902 1066 4762.
1917 1044 1940 1066 8.

1207 1084 1341 1115 ΕΙινΙῑανι,
1356 1085 1394 1109 De
1409 1085 1502 1110 Cicuta.
1522 1084 1678 1114 Argentorati
1695 1084 1771 1107 4763.
1788 1084 1811 1107 4.

1212 1125 1324 1158 Orteya,
1337 1126 1376 1150 De
1390 1126 1476 1150 Cicuta
1492 1125 1693 1150 commentarius.
1716 1125 1805 1149 Matriti
1821 1125 1895 1149 4763.
1910 1125 1934 1148 4.

1362 1164 1522 1191 (hispanice.)

1212 1200 1283 1230 Quor
1296 1207 1312 1231 y
1323 1199 1472 1229 Martinez,
1486 1199 1659 1223 Dissertacion
1672 1198 1749 1222 sobre
1762 1198 1786 1222 el
1796 1205 1843 1222 uso
1857 1199 1890 1222 dc
1903 1197 1926 1222 ta
1936 1197 2031 1222 Cicuta.
2050 1197 2149 1222 Madrid
2162 1198 2236 1222 4764.
2250 1198 2274 1222 4.

1209 1241 1311 1271 Huber,
1325 1241 1363 1265 De
1377 1242 1473 1265 Cicuta.
1493 1240 1613 1265 Cassellis
1630 1240 1705 1264 4764.
1723 1241 1745 1263 4.

1210 1284 1315 1315 Lcmqe,
1330 1282 1413 1307 Dubia
1427 1283 1530 1306 Cicutae
1543 1285 1644 1305 vexata.
1664 1281 1812 1305 Helmstadii
1829 1282 1903 1305 4764.
1917 1281 1940 1305 4.

1210 1324 1298 1353 Haen,
1312 1324 1423 1355 Epistola
1438 1325 1469 1348 de
1484 1324 1581 1348 Cicuta.
1601 1322 1794 1350 (Vindobonae)
1811 1324 1885 1346 4765.
1900 1323 1922 1346 8.

1315 1365 1456 1390 Elucidatio
1470 1365 1592 1396 epistolae
1606 1365 1638 1388 de
1653 1363 1747 1388 Cicuta.
1765 1363 1934 1388 Vindobonae
1950 1364 2024 1387 4766.
2039 1364 2062 1387 8.

1214 1406 1336 1435 Tht'esen,
1348 1406 1482 1436 Warnung
1496 1413 1540 1430 vor
1554 1406 1604 1429 den
1619 1405 1891 1435 Sehierlingswurzeln.
1910 1404 2072 1435 Konigsberg
2090 1406 2162 1428 4766.
2178 1405 2199 1429 4.

1210 1447 1403 1475 Καῖῑεοὴηῑίεά,
1418 1447 1455 1471 De
1470 1447 1566 1471 Cicuta.
1583 1446 1664 1471 Jenao
1681 1448 1755 1470 4768.
1771 1447 1792 1470 4.

1212 1489 1379 1518 Hartmann,
1392 1489 1499 1519 Insignis
1510 1488 1615 1513 Cicutae
1628 1488 1792 1513 StoerkIanae
1806 1488 1952 1512 efficacitas.
1970 1487 2079 1518 Traiecti
2093 1487 2150 1520 asV.
2166 1489 2240 1512 4772.
2252 1488 2274 1510 4.

1211 1530 1382 1559 Sclmcleard,
1395 1530 1435 1554 Dc
1449 1531 1538 1555 Cicuta
1552 1530 1716 1554 officinarum.
1735 1530 1882 1561 Goettingae
1899 1531 1973 1554 4848.
1988 1530 2010 1552 4.

1214 1572 1373 1599 cluet-allier,
1388 1572 1434 1596 Sur
1446 1572 1484 1597 les
1498 1573 1587 1603 cigues
1600 1571 1742 1603 indigeries.
1762 1571 1833 1596 Paris
1849 1572 1922 1595 4824.
1938 1571 1960 1594 4.

1584 1643 1746 1679 Cimicifuya
1761 1642 1864 1679 foetida
1880 1642 1906 1669 L.

1213 1704 1307 1731 Lama,
1321 1703 1407 1727 Planta
1422 1703 1578 1734 Cimicifuga.
1600 1702 1674 1726 4774.
1690 1702 1713 1725 4.

1609 1757 1762 1800 Cinchomie
1777 1773 1889 1809 species.

1216 1834 1320 1865 Clu'slet,
1332 1833 1417 1858 Pulvis
1431 1832 1570 1864 febrifugus
1584 1831 1652 1856 orbis
1666 1832 1810 1856 americani.
1829 1840 1849 1856 s.
1865 1831 1880 1855 l.
1897 1832 1971 1855 4653.
1986 1833 2008 1855 ὃ.

1214 1876 1331 1904 Baldzts,
1346 1875 1437 1899 Cortex
1450 1874 1603 1906 peruvianus
1616 1874 1753 1898 redivivus.
1774 1874 1878 1897 Genuae
1893 1874 1966 1897 4656.
1983 1874 2022 1897 42.

1214 1917 1362 1946 Brzmacci,
1376 1917 1414 1941 De.
1429 1916 1567 1940 Cina-Cina
1581 1923 1627 1939 seu
1640 1915 1745 1946 pulvere
1758 1915 1791 1938 ad
1804 1914 1899 1939 febres.
1919 1914 2029 1939 Venetiis
2045 1916 2119 1938 4664.
2135 1917 2157 1938 8.

1215 1959 1358 1987 Ammattn,
1371 1957 1520 1988 Antiquartii
1533 1956 1665 1988 peruviaui
1679 1956 1790 1980 historia.
1808 1955 1908 1987 Lipsiae
1924 1957 1998 1979 4663.
2014 1956 2036 1979 4.

1215 2001 1330 2028 Baldtts,
1344 2000 1473 2024 Anastasis
1488 1998 1588 2022 corticis
1601 1997 1734 2021 Peruvlae.
1753 1998 1856 2022 Genuae
1872 1998 1946 2021 4663.
1961 1998 1982 2021 4.

1216 2043 1368 2075 Monqt'nOE,
1382 2041 1420 2064 De
1433 2040 1456 2064 la
1471 2040 1589 2071 guerison
1602 2040 1649 2063 des
1661 2039 1754 2063 fievres
1767 2046 1813 2070 par
1825 2039 1849 2062 le
1863 2038 2014 2070 Quinquina.
2033 2039 2104 2063 Paris
2122 2041 2193 2063 4679.
2210 2041 2249 2062 42.

1368 2079 1474 2105 (latine.)

1201 2114 1362 2147 -Νῖῃνίεοίί,
1376 2114 1462 2138 Febris
1476 2112 1624 2137 chinachina
1638 2115 1789 2143 expugnata.
1807 2110 1938 2135 Ferrariae
1954 2112 2028 2134 4687.
2043 2111 2065 2134 4.

1215 2157 1263 2180 Les
1277 2155 1428 2180 admirables
1442 2155 1548 2186 qualites
1562 2155 1595 2178 du
1610 2153 1761 2183 Quinquina.
1781 2152 1852 2176 Paris
1869 2153 1943 2176 4689.
1960 2154 1998 2175 42.
2013 2164 2044 2168 —
2059 2151 2093 2175 ib.
2110 2153 2183 2175 4705.
2202 2153 2241 2176 42.

1217 2196 1346 2226 Horhz'us,
1360 2197 1398 2220 De
1412 2196 1537 2226 febrifuga
1551 2195 1756 2219 Chiuae-Chiuac
1769 2194 1869 2218 virtute.
1887 2193 1998 2218 Altdorfii
2014 2195 2089 2218 4693.
2105 2194 2126 2216 4.

1217 2237 1373 2269 Hoffmann,
1387 2238 1425 2262 De
1440 2238 1534 2262 Chinae
1548 2236 1643 2260 Chinae
1655 2243 1710 2260 usu.
1730 2235 1808 2259 Halae
1825 2235 1901 2259 4694.
1916 2235 1938 2258 4.

1221 2279 1368 2309 Valentini,
1381 2279 1420 2303 De
1434 2279 1511 2303 Chiua
1526 2278 1629 2303 Chinae.
1649 2277 1752 2301 Giessae
1768 2278 1844 2300 4695.
1858 2277 1880 2300 4.

1217 2321 1324 2354 Fayon,
1337 2322 1387 2345 Les
1401 2320 1509 2351 qualite's
1522 2321 1556 2344 du
1569 2319 1715 2350 quinquina.
1734 2318 1804 2342 Paris
1820 2318 1894 2341 4703.
1910 2318 1949 2340 42.

1218 2363 1329 2395 Beryer,
1343 2363 1382 2386 De
1395 2362 1542 2386 Chiuchina.
1560 2360 1754 2391 Wittenbergae
1771 2361 1815 2383 474
1826 2362 1846 2383 4,
1862 2359 1884 2383 4.

1220 2403 1384 2436 coyt-ossus,
1398 2403 1469 2427 Della
1483 2407 1583 2431 natura,
1598 2401 1674 2426 effetti
1689 2402 1721 2425 ed
1735 2409 1780 2425 uso
1795 2401 1861 2425 della
1872 2400 2036 2425 Chinachina.
2055 2400 2146 2425 Crema
2164 2401 2206 2424 474
2217 2402 2237 2423 4.
2254 2401 2276 2424 4.

1219 2445 1361 2475 Zendrini,
1375 2445 1484 2469 Trattato
1499 2444 1564 2468 delle
1578 2443 1656 2467 China
1671 2443 1757 2466 China.
1775 2442 1885 2466 Venezia
1901 2443 1975 2466 4745.
1990 2443 2012 2466 8.

1218 2487 1371 2518 Duverney,
1384 2486 1422 2510 Au
1435 2486 1570 2517 largiorem
1582 2491 1683 2515 semper
1698 2484 1773 2515 exigit
1785 2483 1906 2508 Kinakina
1920 2483 2023 2508 cibum?
2042 2483 2111 2508 Paris
2125 2484 2200 2506 4747.
2215 2483 2237 2506 4.

1220 2527 1375 2560 Hoffmann,
1388 2527 1426 2551 De
1439 2531 1508 2551 recto
1522 2526 1622 2551 corticis
1635 2525 1730 2550 Chinae
1743 2533 1799 2549 usu.
1818 2525 1897 2549 Halae
1912 2526 1986 2549 4728.
2001 2525 2024 2548 4.

1220 2569 1337 2598 Baalen,
1351 2569 1388 2593 De
1402 2569 1496 2593 cortice
1509 2567 1655 2599 peruviano.
1675 2567 1757 2597 Lugd.
1771 2567 1823 2591 Bai.
1839 2568 1914 2591 4735.
1931 2567 1954 2590 4.

1220 2611 1322 2640 Rosdn,
1335 2610 1373 2634 De
1387 2610 1480 2635 cortice
1491 2609 1640 2640 peruviano.
1659 2608 1765 2632 Londini
1779 2608 1917 2632 Gothorum
1932 2607 2007 2631 4744.
2022 2608 2044 2630 4.

1220 2654 1317 2684 Peyer,
1330 2652 1369 2676 De
1382 2652 1476 2676 cortice
1488 2650 1637 2682 peruviano.
1656 2649 1771 2674 Basileae
1787 2650 1863 2674 4745.
1878 2650 1901 2673 4.

1200 2683 1204 2727 Ι
1220 2693 1350 2726 Knipltof,
1362 2693 1476 2718 Examen
1488 2692 1706 2717 succedaneorum
1718 2691 1818 2718 corticis
1831 2690 1970 2723 peruviani.
1986 2688 2118 2714 Erfordiae
2133 2689 2207 2712 4747.
2222 2689 2245 2712 4.
