2360 2942
1239 137 1275 168 VI

292 235 335 266 Ac
353 243 549 277 quamquam
569 233 655 265 multi
675 233 842 265 nonnullas
861 232 928 264 libri
948 232 1010 263 mei
1036 231 1177 262 rationes
1197 230 1370 273 praecipue
1392 240 1501 261 rerum
1519 230 1684 262 allatarum
1704 230 1847 263 ordinem
1868 229 2105 273 vituperabunt,
2134 241 2332 275 quamquam

189 295 230 327 de
250 294 335 327 libris
355 304 394 326 ex
413 294 520 326 vicinis
540 293 707 325 botanicae
726 292 840 324 finibus
861 298 914 323 aut
936 291 1072 333 receptis
1092 296 1146 322 aut
1166 290 1292 324 omissis
1320 290 1400 334 (qua
1420 290 1449 321 in
1469 301 1504 322 re
1523 290 1714 334 plerumque
1735 291 1894 335 Dryandri
1914 291 1968 322 viri
1989 290 2154 321 clarissimi
2175 290 2332 333 judicium

189 360 286 398 atque
306 354 488 396 exemplum
508 358 653 385 secutum
673 363 724 385 me
745 363 817 385 esse
837 350 953 394 fatcor)
973 359 1101 382 mecum
1121 350 1322 387 dissentient,
1342 356 1449 382 tamen
1469 351 1560 393 plura
1580 351 1610 382 in
1629 351 1710 383 libro
1731 361 1804 383 meo
1825 351 1931 383 inesse
1951 351 2019 382 scio
2040 360 2125 394 quae
2144 350 2200 382 viri
2220 350 2332 383 harum

189 426 296 448 rerum
315 413 495 457 peritissimi
516 413 774 445 existimaverunt
793 411 887 444 laude
908 410 1100 453 dignissima.
1139 411 1176 442 At
1194 411 1248 455 qui
1267 410 1347 443 libro
1368 421 1440 442 meo
1467 410 1508 442 ad
1527 410 1725 443 sublevanda
1744 411 1849 443 studia
1875 411 2004 443 evoluto
2025 410 2131 454 aliqua
2151 410 2332 454 diligentiae

188 475 322 517 vestigia
342 473 592 516 deprehendant,
613 483 670 505 eos
690 483 728 503 ne
750 471 974 503 obliviscantur
993 481 1089 513 rogo,
1110 476 1230 514 quanta
1249 471 1288 503 sit
1308 480 1423 514 opera,
1450 470 1697 502 innumerabiles
1718 471 1861 513 priorum
1881 482 2010 504 errores
2030 471 2212 515 longinquis
2232 481 2333 513 saepe

190 541 286 579 atque
306 533 533 566 molestissimis
553 530 795 576 quaestionibus
815 530 959 563 detectos
980 530 1141 563 eliminare
1162 541 1275 562 omnes
1294 536 1390 573 atque
1411 529 1563 573 effugere.
2311 534 2328 539 ‘

292 595 405 637 Neque
430 593 534 625 facere
561 602 624 623 non
651 601 802 633 possum,
842 591 917 634 quin
941 590 1002 623 hac
1026 590 1100 622 data
1125 589 1251 634 publica
1278 596 1438 633 potestate
1465 590 1574 622 amicis
1598 591 1678 622 meis
1706 590 1856 623 omnibus
1882 597 1912 623 et
1935 592 2123 636 propinquis
2149 597 2178 623 et
2203 591 2334 623 remotis

190 656 306 699 gratias
325 664 416 697 agam
438 664 496 695 pro
517 651 703 683 liberalitate
723 656 820 694 atque
840 651 961 687 studiis,
985 650 1102 694 quibus
1122 661 1173 682 me
1193 651 1223 682 in
1242 650 1305 682 hoc
1325 656 1397 682 octo
1418 661 1575 682 annorum
1595 650 1705 682 labore
1726 649 1892 692 diligenter
1911 651 2101 694 adjuverint,
2122 652 2198 695 quin
2218 651 2334 694 gratias

191 725 283 758 agam
308 719 340 746 et
364 712 466 744 multis
491 711 652 742 literarum
677 716 861 743 nostrarum
880 711 989 743 amicis
1014 721 1073 754 pro
1094 710 1303 748 humanitate,
1333 721 1397 754 qua
1422 709 1537 743 librum
1556 721 1664 742 meum
1694 710 1878 752 exceperint
1903 716 1934 742 et
1952 712 2019 744 viro
2044 711 2273 744 honestissimo
2295 710 2335 742 de

192 786 242 807 me
262 774 381 817 optime
401 772 512 804 merito
534 771 588 815 qui
607 770 675 802 libri
695 771 757 802 mei
777 776 887 803 ornate
908 771 1025 803 edendi
1045 776 1170 802 sumtus
1190 771 1311 813 integre
1331 771 1449 804 fecerit.

293 833 436 875 Denique
455 831 505 863 vel
524 836 638 874 postea
662 836 694 863 et
712 831 806 874 hujus
827 831 934 874 operis
955 831 1136 874 complendi
1164 841 1274 863 curam
1300 831 1415 863 subibo
1435 831 1545 863 addito
1565 830 1639 862 huic
1659 830 1751 873 operi
1777 829 2017 873 supplemento,
2044 832 2073 862 in
2093 842 2172 875 quo,
2201 837 2232 863 et
2251 841 2335 875 quae

191 904 274 928 nunc
292 903 369 925 casu
389 891 531 935 quodam
551 891 670 923 omissa
690 896 762 922 sunt
785 896 815 923 et
840 902 924 934 quae
944 891 1059 923 abhinc
1084 891 1255 923 novissima
1275 892 1391 934 scripta
1417 896 1522 927 erunt,
1548 896 1696 922 accurate
1716 889 1907 922 recensebo.
1952 890 2077 923 Deinde
2103 892 2133 923 in
2153 891 2258 923 animo
2279 896 2335 928 est,

191 955 248 986 nisi
267 959 448 996 temporum
473 951 626 994 angustiis
651 961 794 994 premar,
822 951 975 993 peculiari
999 951 1078 983 libro
1102 961 1274 983 recensere
1295 951 1535 984 dissertationes
1554 950 1734 988 botanicas,
1761 961 1846 994 quae
1866 955 1920 982 aut
1943 950 1974 981 in
1998 951 2077 982 actis
2097 951 2338 984 academiarum

192 1014 445 1055 societatumque
469 1011 692 1049 literariarum,
721 1016 775 1042 aut
800 1012 829 1042 in
858 1011 964 1043 diariis
991 1012 1293 1054 commentariisque
1320 1012 1463 1044 litei-ariis
1488 1011 1528 1044 ab
1554 1010 1649 1055 hujus
1674 1010 1793 1044 saeculi
1820 1010 1904 1042 initio
1932 1009 2101 1054 dispersae
2126 1012 2274 1055 leguntur
2292 1009 2336 1055 ἢ.

192 1074 296 1118 Atque
314 1072 388 1105 illud
409 1071 540 1114 quidem
559 1081 654 1113 opuS‚
680 1072 825 1113 quamvis
845 1072 914 1114 jam
941 1071 1064 1104 dudum
1090 1076 1317 1115 praeparatum
1334 1072 1394 1109 sit,
1421 1076 1529 1103 tamen
1548 1076 1580 1103 et
1604 1075 1739 1113 propter
1763 1081 1873 1103 rerum
1899 1070 2131 1104 multitudinem
2152 1077 2184 1104 et
2204 1077 2338 1115 propter

193 1134 343 1176 exiguum
362 1132 516 1174 temporis
536 1132 674 1174 spatium
693 1141 756 1162 una
777 1130 884 1173 perfici
904 1142 968 1163 non
988 1132 1099 1175 potuit.
1130 1132 1245 1164 Allatas
1261 1142 1338 1164 vero
1359 1142 1432 1164 esse
1452 1132 1482 1163 in
1501 1131 1564 1163 hoc
1582 1141 1656 1162 meo
1677 1130 1757 1163 libro
1777 1141 2009 1174 nonnunquam
2025 1131 2198 1164 diariorum
2217 1132 2337 1164 disser-

193 1193 326 1226 tationes
345 1191 514 1229 attulerim,
535 1202 618 1235 quae
638 1202 654 1222 a
675 1202 710 1223 re
730 1191 896 1234 proposita
916 1192 1045 1223 omnino
1065 1190 1274 1230 abhorreant,
1289 1192 1358 1235 jam
1377 1202 1428 1224 me
1448 1192 1614 1234 poenitere
1633 1191 1732 1223 libere
1754 1191 1863 1224 fateor.

298 1311 482 1344 Scribebani
503 1311 638 1343 Berolini
660 1311 714 1344 45.
736 1312 810 1343 Nov.
835 1312 941 1344 4851.

2042 1490 2280 1529 PRITZEL.

289 2694 309 2709 ‘=
329 2695 437 2722 Quarum
452 2696 650 2721 dissertationum
665 2699 793 2723 multitudo
807 2700 880 2723 facile
894 2708 1023 2724 numerum
1038 2702 1167 2730 sexaginta
1183 2703 1273 2726 milium
1289 2703 1393 2733 expleat.
