2360 2942
158 101 475 135 MONOGRAPHJAE
493 101 730 136 PLANTARUM
749 101 1026 138 OFFICINALIUM

391 195 548 223 Heracleum
564 194 766 231 Sphondylium
780 196 809 223 L.

77 251 251 283 Cartheuser,
266 253 305 278 De
317 253 414 278 Branca
426 254 509 278 ursina
522 254 675 285 germanica.
695 254 848 279 Franeofurti
864 257 938 279 4764.
955 256 977 279 4,

320 325 464 351 Hermai-ia
479 323 576 359 ylabra
590 323 618 350 L.
635 327 663 351 et
677 325 709 351 Η.
727 324 832 352 hirsuta
847 325 875 352 L.

76 380 254 411 Gruhlmann,
267 381 305 406 De
319 389 383 407 nova
394 387 477 407 contra
487 383 618 407 oculorum
628 383 760 414 caliginem
769 384 889 414 remedio,
902 382 1038 408 Herniaria.
1050 383 1127 407 Jenae

146 418 221 440 4706.
237 417 260 440 4.

438 470 573 497 Humidus
589 470 712 506 Lapulus
728 472 758 498 L.

71 526 167 556 Baicr,
181 527 220 552 De
232 527 335 559 Lupulo.
355 527 457 552 Altdorfi
474 530 549 552 4748.
566 529 588 552 4.

72 567 216 597 Deroclzes,
230 568 269 592 De
281 569 381 593 Humuli
395 569 484 600 Lupuli
498 570 604 594 viribus.
626 569 766 601 Edinburgi
781 571 856 594 4803.
871 572 894 594 8.

71 607 208 668 Payepffleg
226 608 388 668 {novamen
410 611 533 635 Memoire
552 618 596 635 sur
613 611 638 635 le
655 611 775 635 houblon.
808 611 877 636 Paris
897 612 973 635 4823.
996 612 1019 635 8.
1042 622 1072 627 -
1091 611 1125 634 ib.

436 698 626 734 Hyoscyamus
641 699 718 733 niger
732 699 760 725 L.

70 753 190 786 Slevoqt,
204 755 243 779 De
256 756 345 780 virtute
357 755 508 785 Hyo‘scyami
522 756 664 781 cathartica.
684 757 762 781 Jenae
777 759 853 781 4745.
869 758 892 780 4.

75 794 178 824 PVedeL
193 796 230 820 De
244 796 412 827 Hyoscyamo.
434 798 511 821 Jenae
527 799 603 821 4745.
618 798 641 822 4.

70 835 171 860 slot-ar
185 836 216 860 de
229 836 364 868 Neusorn,
378 837 416 861 De
430 838 581 866 Hyosoyami
595 838 660 868 nigri
672 838 815 862 virtutihus.
834 837 960 869 Erlangae
975 840 1049 863 4797.
1064 840 1087 862 8.

70 875 255 907 Schuepbach,
269 877 325 901 Von
338 878 395 901 dem
409 878 559 903 Gehrauche
572 880 617 903 des
630 878 823 903 Bilsenkrantes.
843 879 985 911 VViirzburg
1000 881 1073 904 4848.
1087 881 1109 903 8.

71 916 118 945 Re,
131 918 230 942 Lettera
244 925 289 942 sua
302 919 363 942 semi
377 919 417 943 del
432 920 597 951 giusquiamo.
617 920 708 944 Torino
724 921 799 943 4822.
815 921 838 943 8.

69 957 206 989 Ηαθὸιιεν,
220 959 258 983 De
271 959 430 991 Hyoseyamo
443 961 522 991 nigro.
541 961 650 985 Berolini
665 961 740 984 4826.
756 961 778 983 8.

396 1030 425 1056 H
422 1039 458 1066 yp
463 1031 563 1057 ericum
574 1030 748 1066 perforatam
763 1030 791 1056 L.

69 1086 162 1118 Eysel,
176 1087 214 1112 De
228 1087 295 1119 Fuga
309 1087 474 1112 Daemonum.
496 1087 626 1112 Ersordiae
642 1089 716 1112 4714.
732 1089 753 1112 4.

75 1127 176 1156 Wedel,
190 1128 228 1152 De
242 1129 383 1160 Hyperico,
398 1129 452 1153 aliis
465 1129 532 1159 Fuga
546 1129 711 1153 Daemonum.
731 1130 810 1154 Jenae
826 1131 900 1154 4746.
915 1131 937 1153 4.

68 1169 120 1194 Das
133 1168 330 1194 Johanniskraut.
350 1170 453 1201 Leipzig
470 1172 544 1194 4784.
561 1172 583 1193 8.

452 1240 511 1267 Ilecc
526 1240 693 1277 Aquifoliam
708 1241 736 1267 L.

69 1296 229 1328 Bandelow,
242 1298 368 1322 Foliorum
379 1298 446 1322 [licis
458 1299 577 1330 Aquisolii
591 1299 710 1331 analysis.
729 1299 806 1323 Halae
821 1301 897 1323 4789.
913 1302 935 1323 8.

68 1338 221 1366 Rousseau,
242 1337 281 1362 De
299 1339 440 1363 l'efficacite
458 1340 505 1363 des
522 1339 622 1363 feuilles
641 1340 674 1363 du
692 1339 757 1364 houx
777 1340 838 1367 (llex
851 1340 1023 1371 Aquifoiium).
1055 1340 1125 1364 Paris

140 1375 216 1398 4834.
230 1375 252 1397 8.

493 1426 571 1453 Ιίἰὶεἰί
585 1427 696 1463 species.

68 1483 225 1516 Hoffmann,
245 1484 292 1508 Die
304 1484 426 1515 Angaben
443 1484 632 1509 schinesischer
643 1486 695 1509 und
709 1486 871 1516 japanischer
883 1487 1124 1519 Naturgeschichten

138 1528 187 1544 von
200 1521 258 1544 dem
270 1519 374 1543 Illicium
387 1520 540 1551 religiosum.
559 1521 654 1544 Leiden
671 1522 743 1544 4837.
759 1523 784 1544 8.

70 1560 189 1590 siebold,
204 1561 387 1592 Erwiederung
400 1562 444 1584 auf
460 1561 499 1585 ll'.
514 1561 542 1585 H.
556 1563 583 1584 dt·
595 1561 692 1586 l'riese's
704 1562 871 1593 ‚abhandlung
884 1563 961 1590 (tiber
975 1564 1024 1587 den
1038 1564 1125 1587 Stern-

140 1596 217 1624 anis).
237 1596 332 1620 Leiden
346 1598 422 1620 4837.
437 1598 458 1620 8.

444 1666 617 1702 Indiyoferae
632 1669 742 1703 species.

68 1723 148 1752 Roth,
162 1723 200 1747 De
214 1724 312 1754 Indico⁷
325 1723 501 1748 medicamine.
521 1724 630 1749 Berolini
648 1726 722 1749 4834.
739 1728 760 1749 8.

69 1764 179 1792 Dercks,
192 1764 230 1788 De
244 1765 370 1795 pigmento
385 1765 475 1789 indico.
496 1765 599 1796 Dorpati
615 1767 689 1790 4836.
706 1768 728 1790 8.

455 1835 535 1863 Ῑηῑιία
550 1836 689 1863 Helenium
703 1837 730 1863 L.

73 1892 175 1922 Wedel,
189 1892 227 1917 De
240 1892 354 1918 Helenio.
373 1894 451 1918 Jenae
468 1896 541 1918 4719,
557 1895 579 1918 4.

489 1964 571 1991 Iridis
586 1966 696 2001 species.

68 2020 165 2053 Bam,
179 2020 217 2045 De
229 2021 302 2046 Iride.
322 2022 424 2046 Altdorfi
441 2024 513 2047 4740.
530 2024 553 2047 4.

470 2094 584 2129 Juylans
599 2095 676 2129 reyia
691 2095 718 2121 L.

66 2150 216 2180 Buechner,
231 2150 269 2174 De
281 2157 348 2174 nuce
359 2151 489 2181 Juglande.
508 2152 638 2177 Ersordiae
653 2154 728 2176 4743.
744 2154 765 2176 4.

69 2191 164 2223 Graes,
177 2191 216 2216 De
229 2191 322 2215 cortice
334 2193 406 2216 nucis
418 2193 546 2225 Juglandis
559 2195 653 2225 regiae.
674 2195 798 2226 Erlangae
813 2196 888 2219 4803.
903 2197 925 2219 8.

67 2233 196 2266 Neqrier,
216 2234 262 2257 Sur
275 2233 299 2256 le
311 2234 451 2258 traitement
464 2235 511 2260 des
523 2236 647 2260 scrofules
660 2244 706 2268 par
717 2236 754 2260 les
768 2236 866 2261 seuilles
879 2237 910 2261 de
922 2237 1026 2269 Juglans
1040 2239 1118 2270 regia.

137 2269 220 2297 (Paris
236 2269 318 2295 4844.)
335 2270 358 2291 8.

220 2306 394 2333 (germanice.)

66 2339 257 2371 Kreutzwald,
270 2340 308 2365 De
320 2342 425 2366 utilitate
437 2342 550 2367 soliorum
562 2344 692 2375 Juglandis
705 2345 799 2376 regiae.
820 2345 921 2369 Bonnae
938 2346 1010 2369 4842.
1026 2347 1048 2369 8.

68 2381 191 2412 Mueller,
204 2382 242 2407 De
254 2383 385 2414 Juglandis
397 2383 482 2414 regiae
494 2384 598 2408 viribus.
617 2385 719 2416 Lipsiae
735 2386 809 2409 4843.
827 2387 848 2409 8.
982 2386 985 2389 ’

415 2453 563 2490 Juniperus
579 2456 728 2483 commanis
743 2456 770 2482 L.

67 2509 152 2534 Babst
164 2516 217 2534 von
230 2509 362 2541 Roclzlitz,
375 2511 556 2543 Juniperetum.
574 2513 695 2539 Eisleben
712 2516 784 2538 4605.
800 2515 822 2538 4.

66 2549 398 2609 Beckitggossgschreibung
418 2561 466 2578 von
489 2553 635 2582 (Hollunder
652 2557 715 2584 und)
739 2556 913 2580 Wachhotder.

67 2625 180 2658 Scharff,
188 2622 379 2660 Ἀρκευὲολογία
392 2629 445 2653 sive
455 2629 568 2660 Juniperi
579 2632 713 2663 descriptio
723 2633 828 2657 curiosa.
842 2632 993 2657 Francofurti
1006 2635 1081 2658 4679.
1093 2636 1115 2658 8.

68 2666 157 2700 Βαηρ,
171 2668 208 2693 De
221 2669 350 2700 Junipero.
369 2669 481 2694 Havniae
496 2672 571 2695 4708.
587 2672 614 2694 4.’

958 2557 1117 2589 Ko'nigsberg

1113 104 1184 137 455

1270 104 1585 138 MONOGRAPHIAE
1603 106 1837 142 PLANTARUM
1857 109 2132 144 OFFICINALIUM

1171 195 1299 226 th'Ihelm,
1313 197 1457 228 Juniperus.
1475 197 1631 229 Argentorati
1646 200 1719 222 4748.
1734 200 1756 222 4.

1165 236 1259 267 Baz'er,
1274 238 1312 262 De
1326 239 1454 269 Junipero.
1473 238 1575 263 Altdorfi
1589 241 1665 263 4749.
1681 240 1702 263 4.

1166 278 1306 302 Lumlman
1320 277 1479 310 (Marum),
1493 280 1531 304 De
1545 281 1673 311 Junipero.
1694 279 1853 305 Harderovici
1869 284 1941 306 4727.
1957 284 1979 306 4.

1165 318 1252 344 Bruch
1262 339 1268 349 ,
1282 320 1320 344 De
1335 321 1424 345 radicis
1437 321 1548 352 Juniperi
1563 323 1677 345 decocto.
1696 322 1853 352 Argentorati
1869 325 1944 347 4736,
1959 325 1981 347 4.

1165 360 1272 391 Semon,
1286 362 1324 386 De
1338 362 1387 386 olei
1399 363 1514 394 Juniperi
1528 363 1639 387 aetherei
1651 363 1682 387 vi.
1701 362 1811 387 Berolini
1829 365 1900 388 1344.
1915 366 1937 388 8.

1534 433 1683 469 Jum'perus
1700 433 1805 461 Sabina
1820 435 1848 461 L.

1170 488 1269 520 Wedel,
1283 490 1321 515 De
1335 491 1434 514 Sabina.
1454 491 1533 515 Jenae
1548 493 1622 515 4707.
1637 492 1659 515 4.

1166 531 1281 562 Richter,
1296 533 1333 556 De
1347 534 1465 564 Junipero
1479 534 1578 558 Sabina.
1598 534 1791 566 &Vittenbergae
1806 537 1881 559 4803.
1895 537 1918 560 4.

1164 572 1255 602 Elias.
1268 574 1386 597 Analacta
1399 574 1430 597 ad
1443 575 1551 598 Sabinae
1565 575 1698 598 historiam.
1717 576 1846 607 Mai-burgi
1861 578 1935 600 4816.
1950 578 1971 600 8.

1164 613 1287 643 Maezaei,
1300 614 1337 638 De
1351 615 1473 639 tincturae
1486 616 1594 640 Sabinae
1608 617 1727 640 efficacia.
1746 617 1875 648 Marhurgi
1891 619 1964 642 4849.
1979 618 2002 641 4.

1170 654 1258 687 l'otqt,
1272 655 1311 680 De
1323 656 1441 687 Junipero
1455 656 1553 681 Sabina.
1573 658 1680 681 Berolini
1696 659 1769 681 4826.
1786 660 1808 681 8.

1499 735 1645 761 Krameria
1661 734 1787 761 {riandra
1801 734 1878 761 Ruiz.

1163 791 1243 822 Ruiz,
1258 791 1413 816 Disertaeion
1426 793 1501 817 sobre
1514 793 1536 817 la
1549 793 1599 816 raiz
1612 794 1643 817 de
1655 793 1679 817 la
1691 793 1818 817 Ratanhia.
1838 793 1936 817 Madrid
1952 794 2025 816 4799.
2041 793 2062 816 4.

1163 832 1253 862 Klein,
1267 833 1466 864 Abhandlungen
1478 835 1530 858 und
1537 834 1668 858 Versuche
1681 835 1746 858 uber
1759 835 1799 858 die
1812 834 1939 858 Ratanhia.
1958 834 2075 865 stuttgart
2087 835 2130 858 484
2139 836 2161 858 9.
2176 836 2197 857 8.

1162 873 1257 902 Falco,
1270 874 1308 898 De
1322 874 1449 897 Ratanhia.
1467 874 1628 905 W'irceburgi
1645 877 1718 899 4820.
1734 877 1755 899 8.

1167 914 1316 946 leunbery,
1330 915 1367 938 De
1380 915 1513 938 Krameria.
1533 915 1648 946 Upsaliae
1665 918 1738 939 4822.
1754 917 1776 939 4.

1162 955 1283 983 Εε]ι·αν(ἰ,
1297 955 1335 979 De
1348 955 1434 979 radice
1448 956 1589 980 Ratanliiae.
1607 956 1717 981 Berolini
1732 959 1805 982 4822.
1819 959 1842 981 8.

1162 995 1285 1025 Bunsen,
1298 996 1336 1020 De
1349 997 1483 1021 Ratanbiae
1497 998 1590 1021 radice..
1609 998 1756 1029 Goettingae
1772 1000 1847 1022 4828.
1863 1000 1886 1022 8.

1559 1074 1692 1101 Lactucae
1707 1075 1816 1110 species.

1164 1132 1279 1162 Ganzeh
1292 1132 1330 1156 De
1344 1133 1453 1156 Laetuca
1466 1133 1543 1156 sativa
1557 1138 1582 1156 et
1594 1133 1750 1157 Lactucario.
1769 1133 1877 1157 Berolini
1894 1135 1968 1157 4849.
1982 1135 2004 1157 8.

1162 1172 1253 1203 Klink,
1266 1174 1391 1197 Lactucae
1404 1174 1503 1197 virosae
1516 1178 1541 1198 et
1553 1174 1648 1198 sativae
1662 1175 1769 1205 analysis
1783 1174 1902 1199 chemica.
1922 1175 2000 1199 Kiliae
2016 1177 2089 1199 4820.
2105 1177 2125 1198 4.

1162 1214 1284 1243 Humble.
1299 1215 1336 1238 Dc
1350 1215 1504 1239 Lactucario.
1522 1214 1637 1245 Upsaliae
1654 1217 1727 1239 4827.
1742 1216 1764 1239 4.

1162 1255 1322 1287 Hirschfeld,
1336 1256 1374 1279 De
1388 1256 1495 1279 Lactuca
1508 1256 1591 1279 virosa
1605 1260 1629 1279 et
1642 1257 1761 1281 Scariola.
1780 1256 1888 1280 Berolini
1903 1258 1978 1280 4833.
1994 1258 2015 1280 8.

1168 1297 1259 1326 ΠάΙΞ,
1274 1297 1324 1321 Der
1336 1297 1462 1321 Mitchsaft
1474 1298 1520 1321 des
1533 1297 1688 1321 Giftlattichs.
1708 1297 1862 1328 Heidelberg
1876 1299 1884 1320 4
1893 1299 1950 1321 839.
1964 1299 1986 1320 8Δ

1491 1375 1594 1411 Lappa
1608 1374 1731 1409 vulgaris
1748 1375 1884 1402 Tournef.

1162 1432 1321 1461 Nordsledt,
1336 1432 1374 1457 De
1386 1433 1509 1457 Bardana.
1529 1432 1644 1464 Upsaliae
1659 1434 1733 1456 4823.
1749 1434 1771 1456 4.

1523 1504 1633 1530 Laurus
1651 1504 1807 1540 Camphora
1821 1505 1850 1530 L.

1160 1560 1301 1591 Eiclestad‚
1326 1563 1363 1585 An
1383 1562 1524 1592 Carnphora
1543 1562 1703 1593 Hippocrati,
1728 1562 1869 1587 Aristoteli.
1896 1562 2065 1594 Theophrasto
2084 1562 2155 1586 suerit
2176 1563 2214 1585 in-

1231 1597 1348 1627 cognita?
1367 1596 1479 1620 Dentisci
1494 1598 1568 1620 4650.
1584 1598 1605 1620 4.

1161 1637 1294 1667 Moebius,
1307 1638 1434 1661 Anatomia
1448 1638 1612 1669 Camphorae.
1631 1639 1710 1662 Jenae
1726 1640 1801 1662 4660.
1818 1640 1840 1662 4.

1163 1678 1311 1710 Cronberq.
1326 1679 1364 1702 De
1379 1679 1500 1709 Caphura.
1520 1679 1649 1709 Marpurgi
1666 1681 1741 1703 4697.
1755 1680 1777 1702 4.

1166 1719 1266 1745 lVecIel,
1280 1720 1317 1744 De
1332 1720 1479 1751 Camphora.
1498 1720 1575 1744 Jenae
1591 1722 1666 1744 4697.
1683 1721 1707 1744 4.

1160 1760 1314 1792 Hoffmann.
1330 1761 1367 1784 De
1381 1768 1428 1784 usu
1440 1761 1536 1785 interno
1551 1761 1716 1792 Camphorae.
1735 1761 1813 1785 Halae
1828 1763 1858 1785 47
1868 1763 1902 1785 14.
1917 1763 1939 1785 4.

1163 1802 1326 1831 Gronovius,
1340 1802 1497 1832 Caniphorae
1509 1802 1617 1826 historia.
1637 1803 1752 1833 Lugduni
1764 1803 1914 1827 Batavorum
1930 1805 2003 1827 4745.
2021 1805 2041 1826 4.

1159 1843 1272 1871 Alberlt',
1286 1842 1324 1867 De
1339 1842 1496 1873 Cainphorae
1510 1851 1557 1867 usu
1570 1844 1677 1868 medico.
1695 1843 1772 1868 Halae
1787 1845 1862 1868 4722.
1877 1845 1899 1867 4.

1160 1882 1315 1912 Neumann,
1330 1884 1415 1907 Lectio
1429 1884 1542 1912 chymica
1554 1892 1603 1908 von
1617 1884 1766 1915 Camphora.
1786 1884 1869 1909 Berlin
1888 1887 1958 1909 4727.
1974 1886 1994 1908 4v

1159 1924 1289 1952 Meisner.
1305 1924 1342 1948 De
1357 1924 1506 1955 Camphora.
1524 1926 1619 1957 Pragae
1634 1927 1707 1950 4737.
1723 1926 1745 1949 4.

1159 1965 1271 1994 Haenel,
1284 1965 1322 1989 De
1338 1965 1486 1996 Camphora.
1504 1966 1620 1998 Lugduni
1632 1967 1783 1991 Batavorum
1797 1969 1872 1991 4739.
1887 1968 1908 1991 4.

1310 2002 1437 2030 (anglice.)

1161 2043 1265 2072 Gere'lie,
1280 2043 1318 2067 De
1332 2052 1379 2068 usu
1392 2045 1492 2079 medico
1507 2044 1670 2076 Camphorae.
1690 2045 1835 2071 Helmstadii
1850 2047 1923 2070 4748.
1939 2048 1960 2070 4.

1158 2084 1296 2114 Keclzelen,
1310 2085 1348 2109 De
1362 2086 1449 2116 genesi
1463 2086 1628 2116 Camphorae.
1646 2087 1802 2119 Argentorati
1817 2089 1891 2112 4748.
1906 2089 1926 2111 4.

1158 2126 1248 2155 Pirclc,
1263 2126 1300 2149 De
1315 2126 1462 2157 Camphora.
1481 2127 1594 2152 Viennae
1609 2130 1683 2152 4767.
1698 2130 1720 2152 8.

1160 2167 1276 2194 Grueno,
1289 2167 1327 2191 De
1341 2166 1528 2226 Ca1nphora4ex
1540 2169 1594 2192 aliis
1606 2169 1728 2200 stirpibus
1741 2177 1815 2201 quam
1828 2170 1909 2194 Lauro
1921 2170 2061 2201 Camphora
2076 2170 2207 2194 elicienda.

1228 2202 1374 2233 Goettingae
1390 2204 1398 2225 4
1407 2204 1464 2226 780.
1496 2222 1501 2226 .

1157 2241 1339 2275 Koseqarten,
1353 2243 1390 2268 De
1404 2243 1552 2274 Camphora.
1573 2245 1719 2277 Goettingae
1735 2247 1810 2269 4785.
1825 2247 1846 2269 4.

1162 2282 1273 2315 Weiyel,
1286 2283 1324 2307 De
1338 2284 1400 2308 oleis
1414 2284 1578 2316 Camphorae.
1599 2286 1726 2317 Gryphiae
1742 2289 1815 2311 4786.
1832 2289 1854 2311 4.

1156 2324 1322 2354 Hartmann,
1334 2325 1539 2357 Circumspectus
1547 2327 1704 2358 Camphorae
1713 2336 1774 2353 usus
1784 2329 1900 2353 internus.
1920 2329 2022 2360 TraJ'eeti
2033 2326 2084 2361 aJV.
2097 2331 2170 2352 4788.
2184 2330 2205 2352 4,

1158 2364 1346 2424 (ἳνιάᾓὲεέιοαὸιιεέ,
1369 2367 1451 2391 Traite
1469 2375 1513 2391 sur
1529 2368 1553 2392 le
1571 2369 1692 2399 camphre
1711 2369 1818 2397 (Laurus
1832 2369 1971 2400 Camphora
1984 2370 2035 2397 L.).
2062 2370 2208 2401 Strassbnrg

1157 2440 1317 2500 Courgant,⁴
1325 2442 1470 2501 ξζὲρὲἰέῐόε
1490 2443 1615 2468 deleteres
1634 2445 1667 2468 du
1685 2445 1805 2475 cemphre
1825 2449 1849 2468 ez
1868 2446 1900 2468 de
1917 2445 1939 2468 la
1953 2452 2035 2476 coque
2055 2446 2088 2469 dn
2102 2447 2202 2470 Levant.

1244 2484 1293 2501 arlS
1376 2495 1381 2501 .
1413 2495 1418 2500 ι

1157 2516 1256 2547 (ιόἀίη,
1269 2518 1307 2542 De
1322 2518 1469 2549 Camphora.
1487 2520 1574 2544 Leodii
1590 2521 1664 2544 4823.
1678 2522 1700 2544 8.

1156 2558 1319 2588 Lankhorst.
1332 2559 1370 2583 De
1384 2560 1533 2591 Camphora.
1554 2561 1667 2585 Gandavi
1682 2562 1756 2585 4829.
1771 2562 1794 2585 4.

1155 2599 1269 2630 Damas,
1292 2600 1414 2625 Memoire
1431 2609 1474 2625 sur
1493 2601 1530 2626 les
1547 2602 1696 2627 substances
1714 2602 1854 2635 vegetales,
1876 2604 1919 2634 qui
1937 2611 1966 2628 se
1985 2605 2151 2634 rapprochent
2173 2606 2204 2629 du

1225 2635 1352 2666 eamphre.
1371 2636 1440 2660 Paris
1457 2638 1529 2660 4832.
1545 2638 1567 2660 8.

1163 2674 1351 2708 Wahlenberg,
1365 2676 1403 2701 De
1418 2676 1566 2708 Camphora.
1586 2677 1700 2710 Upsaliae
1715 2680 1789 2704 4834.
1804 2681 1826 2703 4.
